2980 5040
275 445 419 512 Saxones
438 443 562 511 tamdiu
584 444 625 510 de
644 445 770 530 juribus
798 449 864 514 suis
886 449 966 514 nihil
987 451 1218 533 protulisse.
1271 451 1315 516 D.
1341 450 1387 514 13.
1404 470 1432 513 ιι

275 555 351 621 Dec.
372 554 526 622 liudolfus
547 554 822 624 Goedelmannum
843 560 961 624 iterum
984 562 1156 644 excit.⁶⁶)

337 665 376 732 D.
398 667 447 732 29.
469 688 511 733 ιιι.
533 667 608 733 Dec.
635 667 792 736 mandata
824 669 973 736 electoris
1007 671 1199 738 saxonici
1236 667 1427 754 accepitll

274 775 346 842 Jau
372 777 452 842 1605
474 798 513 843 ex
538 777 642 862 Prage
669 780 798 864 scripsit
828 781 1021 848 consiliose
1050 782 1158 848 inire
1194 803 1281 848 cum
1311 779 1426 846 Andros

274 885 469 971 Haneralda
491 888 672 956 consiliario
694 891 909 974 imperatoris,
932 892 984 958 cui
1004 913 1061 958 ree
1080 893 1265 960 Jiuliacae
1289 892 1421 958 comma

273 1019 330 1065 sae
352 1005 467 1082 essent
488 999 654 1066 commodo
676 999 837 1067 Saxonum
858 1023 893 1067 se
915 1003 1053 1085 pecunie
1088 1005 1331 1088 prospicere,
1361 1021 1420 1066 can·

273 1109 438 1176 cellarium
464 1111 636 1178 Bohemiae
665 1131 701 1177 se
728 1118 800 1178 octo
827 1112 951 1178 milium
982 1112 1052 1180 flor.
1085 1115 1292 1198 largitione
1322 1132 1414 1178 corru-
1446 1158 1451 1207 ἰ

272 1219 410 1303 pisse.⁶⁷)
453 1221 546 1306 Apud
568 1242 732 1288 caesarem
753 1221 898 1290 Saxones
919 1223 1034 1290 vicisse
1056 1225 1252 1292 videntur.
1446 1220 1451 1231 '

337 1330 575 1416 Brendcnburgi
596 1333 720 1399 interea
742 1333 856 1400 foedus
879 1355 951 1399 cum
973 1333 1161 1402 Hellendis
1188 1338 1324 1402 iterent
1343 1352 1409 1416 qua

273 1439 447 1526 dringentis
471 1443 522 1509 vel
548 1445 728 1529 quingentis
750 1445 961 1512 Thalerorum
992 1444 1134 1512 milibus
1166 1440 1403 1530 promiensi).

271 1549 323 1617 ³0.
345 1573 386 1618 m
409 1552 473 1619 Jul.
500 1552 611 1621 Status
648 1555 729 1622 duas
766 1555 912 1623 scribunt
953 1555 1114 1639 epistolas
1167 1557 1223 1624 adv
1254 1556 1402 1622 Joannen

271 1661 468 1730 Fridericum
495 1670 526 1730 el
553 1665 711 1732 Joannsm
738 1664 989 1749 sigismundum,
1026 1687 1115 1749 quae
1150 1668 1186 1733 d.
1216 1670 1245 1732 l.
1269 1687 1311 1730 m.
1331 1664 1395 1742 lug.

272 1772 421 1840 Veaaliae
450 1775 577 1842 domino
603 1777 745 1861 meyde,
776 1777 884 1860 legato
913 1775 1231 1861 Brandeuburgico,
1268 1773 1393 1842 traditae

271 1889 354 1949 aunt.
396 1883 501 1969 Atque
522 1886 555 1950 in
575 1885 636 1952 hac
658 1893 847 1972 quoque're
873 1887 1121 1970 Brendenbnrgi
1154 1910 1236 1956 cum
1266 1887 1386 1952 electore

270 1993 418 2062 Palatino
439 1996 600 2080 conjuncti
621 1996 804 2080 luenmt.⁶⁸)

332 2104 483 2173 Hollandi
503 2107 728 2192 promiserunt,
750 2109 778 2174 si
800 2109 865 2176 dux
886 2114 1031 2174 mortuus
1053 2115 1161 2192 esset,
1187 2109 1263 2176 fore
1286 2111 1322 2171 ut
1339 2100 1377 2166 dr·

268 2223 377 2283 catum
402 2217 435 2284 in
462 2219 662 2285 commodum
693 2220 1017 2303 Brandenburgorum
1048 2221 1151 2286 armis
1187 2213 1368 2302 occuparet!

268 2327 377 2392 Etiam
391 2327 556 2411 Philippus
577 2329 758 2394 Ludovicus
780 2329 1014 2396 Hellendorum
1036 2329 1200 2397 auxilium
1224 2323 1364 2416 petivere

269 2437 311 2502 M.
335 2437 426 2502 Febr.
451 2437 676 2521 16051egat0s
702 2439 828 2523 Hagam
858 2441 1007 2520 miseret,
1035 2439 1171 2506 Veitum
1205 2437 1364 2506 Faciem

266 2547 424 2614 loannem
445 2548 661 2628 Zeschlinnm,
684 2550 891 2616 Melchiorem
919 2551 1100 2618 Erasmum.
1145 2552 1272 2618 Metuit
1298 2544 1367 2614 enim,

265 2679 306 2724 ne
329 2659 400 2724 Dux
415 2659 578 2726 Niversius
601 2659 754 2728 ducatum
776 2660 1037 2745 aggredderetur.
1068 2661 1171 2739 Quem
1194 2697 1240 2708 -
1255 2657 1362 2725 dicit*

265 2791 329 2835 non
350 2791 407 2835 suo
429 2770 524 2836 modo
542 2772 616 2854 jure
638 2770 849 2852 hereditario,
872 2793 935 2855 quc
958 2770 1092 2838 Oliviam
1114 2777 1303 2858 appeteret,
1324 2757 1358 2830 ull

266 2880 436 2946 sedetiam
454 2881 530 2965 jura
551 2881 676 2946 comitis
692 2881 931 2962 Montleuriani‚
953 2881 1008 2964 qui
1023 2901 1121 2964 quum
1137 2903 1155 2946 e
1172 2885 1274 2968 stirpe
1289 2868 1356 2944 comi·

331 3129 365 3196 66)
384 3131 425 3181 Ex
442 3129 555 3191 epistola
573 3129 775 3180 Goedellmanni
793 3131 818 3179 d.
837 3135 878 3180 ιιι.
895 3145 930 3180 ιιι.
948 3131 1025 3180 Mart
1044 3130 1151 3192 sempe.

331 3221 366 3290 66)
384 3225 425 3274 De
441 3222 618 3282 legationibus
636 3220 768 3272 Saxonum
785 3222 842 3282 agit
858 3223 980 3286 Droysen
998 3224 1034 3274 11.
1052 3231 1076 3276 ι.
1094 3237 1120 3285 p.
1139 3229 1198 3277 567.
1215 3237 1269 3287 seu.

332 3315 367 3382 66)
389 3317 532 3378 vaagenar
555 3316 601 3368 1v.
623 3329 649 3378 p.
668 3320 725 3368 234.
753 3315 849 3368 litteris
875 3317 911 3367 ad
932 3315 1097 3368 Joachimmn
1119 3318 1283 3372 Fritlericum
1306 3302 1359 3360 66666

263 3411 414 3472 inscriptum
440 3411 509 3460 erat:
542 3412 642 3462 Darum
666 3411 795 3460 ersuchen
818 3411 871 3460 und
892 3411 977 3462 bitten
1002 3411 1051 3461 wir
1068 3412 1100 3462 Ε.
1119 3411 1196 3464 Kurs.
1215 3406 1308 3462 Holeit
1325 3397 1356 3448 tlt

263 3506 341 3556 einen
358 3505 551 3558 vomenmsten
569 3505 652 3554 stane
675 3505 723 3554 ces
740 3505 773 3554 ιι.
792 3505 917 3568 neyele·
940 3505 1006 3555 ouer
1029 3505 1077 3554 cer
1099 3504 1133 3555 ua
1151 3505 1187 3554 im
1204 3495 1357 3559 caelanttn

262 3599 385 3651 Ansehen
402 3600 455 3651 und
473 3599 541 3650 euch
559 3599 665 3650 stnsten
682 3597 791 3664 beytes,
810 3597 852 3650 llir
869 3597 924 3648 ihm
941 3599 1031 3650 selber
1048 3597 1102 3649 und
1119 3597 1163 3649 dle
1180 3597 1304 3658 saisireu,
1319 3583 1357 3636 66

262 3695 322 3745 eom
347 3695 517 3746 susurrones
539 3693 709 3744 vomenmen
730 3693 778 3742 cer
801 3691 965 3754 spaniacum
987 3692 1143 3742 interesses
1185 3693 1226 3742 nx
1245 3676 1356 3741 emme

261 3789 361 3842 Dnbcis
382 3789 583 3850 diplomatische
601 3786 725 3838 Berichtc
749 3799 783 3836 an
805 3787 857 3836 den
875 3785 1058 3838 Groasfiirsten
1075 3785 1190 3848 Ludwig
1213 3798 1260 3838 von
1275 3770 1355 3832 lnltll

259 3895 310 3934 von
327 3887 494 3934 1005-1620
512 3883 534 3933 L
552 3895 578 3944 p.
591 3887 632 3933 ta.
651 3883 678 3930 et
695 3881 764 3930 inter
781 3879 962 3930 additamenta
979 3891 1041 3942 pag.
1059 3883 1116 3930 212.
1134 3879 1231 3930 milltes
1240 3869 1353 3928 Bronten·

260 3977 382 4039 burrlcos
402 3977 527 4028 mercede
549 3976 620 4037 apud
639 3973 785 4026 ilollandos
806 3973 962 4025 militavlsse
984 3973 1020 4022 du
1041 3973 1104 4023 Bols
1125 3973 1208 4023 tradit
1227 3973 1248 4023 1.
1265 3981 1289 4030 n.
1309 3967 1352 4019 9³15

259 4071 293 4122 D.
310 4071 357 4124 XL
376 4071 443 4124 liov.
468 4075 533 4121 16⁰5
556 4068 645 4130 legato
662 4067 865 4133 Bellantem,
884 4067 929 4130 qul
946 4067 1104 4129 namuurum
1126 4067 1269 4130 madebat,
1286 4063 1350 4114 11080·

258 4167 323 4216 tlum
340 4167 430 4217 datum
449 4164 498 4230 est,
516 4163 546 4213 ut
563 4167 654 4227 to‚000
671 4161 785 4214 florenos
803 4173 819 4211 a
837 4161 1053 4222 Braudenburels
1071 4161 1207 4222 coeperet
1221 4175 1247 4222 p.
1263 4157 1311 4208 att·

325 4258 361 4327 66)
379 4257 501 4322 Epistola
518 4257 544 4307 d.
564 4261 604 4307 10.
621 4270 655 4306 m.
673 4256 737 4318 Apr.
755 4255 919 4306 Priuerlciae
937 4255 1044 4306 reddita
1061 4256 1116 4320 est,
1139 4265 1191 4317 qua
1208 4242 1348 4304 confirmem

259 4353 353 4406 domm
369 4353 555 4407 Niversianum
569 4350 631 4414 lura
648 4348 834 4401 uonucumu
850 4348 1014 4401 heremtarla
1031 4349 1136 4401 emisse.
