2982 5032
723 302 956 366 -124-

279 485 412 550 Prussia
441 506 572 584 quoque
596 492 702 554 motus
729 488 871 554 hostium
898 491 1121 556 censebantur.
1172 493 1265 576 Papa
1289 493 1392 562 itemm

279 602 377 680 atque
405 598 524 662 iterum
550 619 660 682 regem
682 599 835 666 Poloniae
862 599 1089 684 instigaverat,
1117 607 1154 670 ut
1179 604 1393 671 Brandenbur-

280 727 336 792 gos
364 709 398 774 iu
426 709 558 774 Prussia
588 709 820 794 aggrederetur
849 711 1022 795 copiasque
1056 734 1168 779 eorum
1202 714 1394 800 distraheret,

278 825 378 902 utque
401 819 602 903 prohiberet,
631 821 800 904 quominus
827 821 876 886 illi
902 822 937 886 in
959 841 1091 888 causam
1113 824 1278 891 Juliacam
1300 849 1395 894 omnes

280 949 396 995 nervos
423 931 637 996 intenderent.
681 931 724 996 M.
741 931 821 1014 ·Apr.
843 953 931 1016 papa
960 953 1019 1016 per
1048 933 1215 1000 dominum
1241 937 1281 1002 de
1302 938 1395 1002 Eilen·

279 1039 359 1123 berg
384 1040 526 1125 legatum
548 1063 656 1126 regem
679 1041 965 1126 sollicitaveratlll,
987 1050 1024 1109 ut
1045 1045 1273 1112 investituram
1293 1048 1396 1112 Berus-

283 1151 384 1216 sicam
412 1152 539 1218 irritam
565 1153 689 1218 faceret
717 1159 903 1238 terramque
925 1156 1031 1240 ipsam
1052 1161 1228 1240 repeteret.
1272 1157 1395 1222 Nuntius

278 1281 384 1345 papae
407 1267 482 1328 acta
505 1265 818 1346 commissariorum,
847 1267 902 1350 qui
924 1267 957 1330 iu
979 1267 1167 1332 Borussiam
1192 1267 1286 1332 missi
1307 1272 1395 1347 erant,

280 1373 520 1458 expostulabat.
572 1375 621 1439 Ex
648 1375 819 1442 nobilitate
846 1377 999 1444 Polonica
1028 1383 1139 1444 autem
1160 1379 1235 1462 ipsa
1266 1377 1397 1444 nonnulli

279 1503 389 1568 regem
411 1485 685 1568 adhortabantur,
712 1505 753 1551 ne
776 1507 875 1571 regno
899 1487 1103 1554 calamitates
1127 1487 1344 1554 contraheret:
1369 1487 1396 1550 in

278 1617 367 1683 papa
388 1595 512 1661 nullam
535 1596 605 1660 fore
628 1597 776 1662 salutem.

344 1707 393 1771 De
422 1707 508 1773 bello
532 1707 696 1773 Alsatensi
723 1714 756 1773 et
784 1708 824 1773 de
852 1710 980 1776 ratione
1005 1709 1139 1794 politica
1161 1705 1298 1775 Unionis
1324 1727 1396 1773 com-

279 1822 408 1882 mutata
429 1817 490 1883 hoc
511 1819 583 1883 loco
605 1840 670 1884 non
694 1839 797 1902 agam.

516 2110 614 2179 Retio
636 2110 772 2194 politica
794 2111 999 2194 inperatoris
1020 2113 1176 2186 mutetur.

344 2261 506 2340 Quamdiu
520 2263 724 2344 Franccgalli
738 2261 895 2327 Hollandi
909 2261 1004 2346 Angli
1023 2263 1268 2330 Possidentibus
1290 2261 1395 2328 auxilia

279 2373 410 2440 mittere
434 2371 684 2452 cunctabantur,
713 2373 892 2456 imperator
920 2392 1051 2456 sperare
1078 2375 1200 2457 potuit,
1230 2396 1266 2440 se
1288 2369 1396 2456 aliquid

280 2483 501 2568 proiecturum
525 2501 609 2548 esse:
633 2483 752 2548 milites
767 2482 922 2568 parabat,
946 2485 1122 2550 societates
1141 2485 1312 2570 jungebat,
1334 2503 1396 2549 con·

281 2595 354 2660 silia
376 2593 417 2658 de
440 2594 527 2659 bello
553 2594 737 2678 incipiendo
759 2595 847 2660 iniit:
877 2594 936 2660 sed
962 2595 1018 2662 ubi
1040 2596 1201 2662 exercitus
1225 2603 1396 2662 exterarum

279 2707 447 2772 nationum
463 2705 783 2789 appropinquabant,
800 2711 916 2775 conata
930 2706 1124 2772 reciderumt.
1151 2707 1237 2773 Nam
1251 2709 1292 2773 dc
1306 2705 1395 2771 milite

280 2816 484 2882 Passaviensi
512 2815 563 2878 vel
587 2815 853 2898 Argentoratensi
880 2817 931 2880 vel
958 2816 1113 2882 Silesiaco
1141 2817 1300 2904 quidquid
1324 2813 1396 2897 cogi-

280 2928 390 3008 tabat,
418 2925 453 2990 id
475 2926 505 2990 ei
527 2926 706 2992 timendum
732 2932 819 3008 erat,
847 2947 887 2992 ne
910 2925 1112 3011 Francogalli
1134 2927 1271 3012 aliique,
1300 2927 1326 2992 si
1346 2925 1397 2988 im·

280 3044 413 3122 perator
440 3044 552 3103 contra
580 3058 804 3122 quemcunque
832 3059 872 3102 ex
898 3039 1046 3122 partibus
1069 3039 1261 3123 evangelicis
1288 3031 1396 3120 aliquid

280 3149 463 3228 moliretur,
492 3169 556 3230 quo
585 3152 732 3231 potestas
761 3148 1027 3232 Habsburgorum
1057 3155 1247 3233 augeretur,
1277 3170 1294 3214 e
1321 3144 1396 3212 lulla

202 3285 204 3288 ¹
279 3259 314 3322 in
336 3257 418 3322 alias
445 3257 572 3340 imperii
595 3255 780 3322 Germanici
807 3260 970 3342 regiones,
999 3261 1131 3326 ubinam
1157 3258 1278 3326 auxilio
1300 3274 1396 3324 eorum

281 3389 362 3452 opus
392 3373 492 3450 esset,
525 3368 808 3454 progrederentur.
860 3370 939 3436 Inde
969 3393 990 3436 a
1020 3371 1129 3438 seculo
1158 3371 1243 3436 XVI.
1275 3369 1395 3437 exeunte

279 3481 398 3544 iterum
421 3485 520 3563 atque
542 3481 661 3547 iterum
684 3481 719 3544 in
735 3479 909 3547 Germania
924 3501 1092 3548 commune
1108 3481 1272 3564 quoddam
1290 3477 1395 3547 bellun

282 3590 494 3656 exardescere
523 3591 708 3672 videbatur,
738 3596 815 3660 tunc
844 3593 1051 3677 potissimum
1080 3592 1114 3657 id
1142 3613 1207 3660 uon
1235 3598 1303 3658 tam
1330 3605 1395 3653 cura
1463 3619 1464 3624 ¹

285 3781 490 3792 q——u

350 3905 386 3975 96)
409 3921 445 3960 sc.
467 3905 503 3974 (in
522 3906 658 3968 epistolal:
681 3905 819 3956 Darinnen
837 3915 896 3961 vom
914 3907 1019 3970 Klinige
1038 3907 1160 3974 begehrt,
1177 3919 1304 3969 creussen
1320 3902 1395 3954 einno-

282 4005 385 4056 ziehen.
413 4003 520 4053 Daraui
535 4001 582 4050 der
599 4001 707 4050 nuntius
720 3999 763 4050 die
775 4001 844 4051 Acta
857 4013 908 4052 von
922 4002 973 4052 den
985 4001 1191 4053 commissarien
1203 4015 1232 4052 so
1246 4001 1273 4051 in
1284 4003 1394 4061 creussen

281 4107 420 4160 gewassen
437 4095 581 4158 geiordert.
609 4095 646 4144 Es
664 4095 753 4144 haben
771 4094 827 4145 sich
845 4097 912 4146 aber
930 4096 982 4146 viel
994 4097 1136 4147 vomehme
1149 4095 1233 4146 Polen
1246 4084 1395 4147 beschweret
1463 4161 1464 4164 Ἰ

282 4192 345 4243 llud
363 4193 414 4242 den
431 4193 476 4253 Kg
497 4189 627 4252 gerathm
651 4202 681 4239 er
705 4187 770 4238 solie
795 4202 823 4239 es
845 4189 920 4239 nieht
942 4189 1019 4240 thun:
1046 4189 1103 4240 Der
1120 4189 1204 4251 Rabst
1222 4187 1311 4240 werde
1327 4183 1394 4233 ihren
1463 4177 1464 4182 ’

282 4285 356 4336 nicht
373 4285 471 4350 helsen,
489 4297 568 4335 wenn
587 4283 626 4334 sic
644 4283 692 4333 der
706 4281 777 4333 Oron
789 4283 1005 4343 Ungelegenheit
1022 4283 1063 4333 ulf
1078 4284 1130 4334 den
1147 4283 1214 4333 Hals
1232 4282 1322 4334 aiehcn
1338 4271 1394 4324 uir·

230 4382 233 4396 ¹
258 4445 260 4448 Ι
282 4379 343 4431 den.
378 4380 419 4430 Ex
437 4377 610 4429 relationibus
628 4375 785 4441 Hieronymi
803 4377 836 4426 de
854 4367 993 4428 messano
1014 4377 1094 4428 Arci.
1113 4377 1182 4429 Anlr.
