2982 5032
557 247 790 312 -125-

108 433 345 498 Germanorum
366 433 523 516 ipsorum,
545 455 642 516 quam
658 439 843 500 exterarum
866 434 1032 503 nationum
1051 435 1236 518 praesentia

106 543 307 628 prohibitum
330 565 401 610 esse
424 543 532 612 credo.
569 544 751 628 Imperator
773 545 884 610 statim
902 546 1035 613 consilia
1057 566 1117 610 sua
1131 551 1237 612 muta·

107 657 165 720 vit.
209 655 248 719 D.
272 656 300 718 7.
322 677 365 724 m.
392 654 487 738 Aug,
516 675 615 739 quum
635 655 838 738 Francogalli
862 655 933 740 jam
959 676 1061 740 prope
1088 655 1237 724 adfines

108 770 332 846 accesserant,
363 764 521 830 Rudolfus
549 771 583 830 et
610 765 685 830 duci
712 765 931 832 Tesoheniano
960 772 993 832 et
1019 765 1237 834 Buchheimbo

107 876 278 963 praefecto
300 876 486 959 imperavit,
509 881 547 941 ut
567 876 688 941 milites
711 875 966 957 dimittet-antu).

173 988 314 1071 Jamque
336 1007 401 1052 non
423 987 522 1052 armis
537 1007 658 1070 poenas
681 985 722 1052 de
737 983 980 1053 Pos‘sidentibus
1003 1009 1037 1052 se
1059 989 1237 1072 petiturum

109 1121 183 1165 esse
214 1098 328 1164 edixit:
360 1097 390 1166 d.
413 1099 440 1165 2.
463 1119 505 1162 m.
528 1099 614 1182 Aug.
644 1098 834 1181 comprobat
862 1099 948 1183 quod
977 1099 1152 1183 principes,
1182 1102 1238 1185 qui

108 1211 251 1294 Pragam
281 1213 509 1290 convenerant,
540 1207 570 1272 d.
598 1208 668 1291 jam
695 1208 724 1274 3.
752 1229 794 1274 m.
820 1209 893 1274 Jun.
923 1217 1172 1294 proposuerant,
1201 1215 1238 1276 ut

109 1317 266 1388 Coloniae
290 1319 331 1384 de
352 1341 388 1386 re
411 1319 540 1385 Juliaca
562 1319 765 1402 ageretur⁹⁸t

175 1432 215 1498 Ι),
233 1431 281 1498 15.
295 1451 338 1496 m.
353 1430 434 1513 Aug.
456 1450 495 1496 ex
517 1430 715 1514 principibus
731 1432 874 1515 quaerit,
896 1451 974 1496 num
988 1431 1107 1498 milites
1122 1432 1238 1498 Passa-

109 1545 237 1610 vienses
260 1541 415 1608 dimittat.

175 1653 241 1720 Sed
280 1659 318 1720 ut
356 1652 401 1718 ad
439 1651 595 1718 auxilium
632 1651 915 1734 Francogallorum
952 1651 1155 1737 aliorumque
1187 1673 1239 1718 re·-

111 1765 258 1831 deamus.
1064 1837 1067 1844 ¹

177 1875 312 1942 Maximi
340 1874 403 1939 fuit
431 1875 601 1954 momenti,
630 1879 740 1939 utrum
769 1874 971 1958 Francogalli
999 1879 1073 1958 post
1101 1881 1239 1940 mortem

5 2079 6 2088 ἵ
112 1987 246 2052 Henrici
260 1987 314 2059 lv.
329 1986 471 2050 rationes
486 1986 636 2069 politicas
650 1985 735 2067 regis
749 1991 1035 2068 persequerentur,
1052 2007 1094 2050 an
1108 1986 1239 2052 foedere

113 2119 186 2162 cum
209 2096 335 2162 Unione
359 2102 392 2160 et
414 2117 486 2160 cum
509 2095 753 2161 Possidentibus
774 2117 878 2178 nuper
899 2095 985 2160 facto
999 2095 1207 2162 abdicarent.

177 2207 332 2273 Hollandi
353 2207 466 2272 statim
488 2212 563 2290 post
589 2202 727 2270 mortem
754 2207 838 2288 regis
867 2211 900 2272 et
926 2205 960 2270 in
981 2206 1240 2290 Franoogalliam

114 2325 147 2386 et
168 2321 202 2388 in
216 2319 421 2384 Britanniam
442 2318 568 2400 legatos
584 2317 756 2398 miserunt,
779 2317 835 2401 qui
847 2322 1022 2400 rogarent,
1045 2324 1082 2382 ut
1099 2324 1131 2382 et
1145 2339 1240 2402 reges

115 2451 212 2516 quam
234 2430 374 2495 maxime
401 2427 473 2494 fieri
499 2434 625 2513 posset,
655 2449 786 2496 causam
808 2428 970 2496 Juliacam
992 2429 1240 2513 adjuvarent⁹⁹).

114 2543 268 2607 Attamen
288 2541 366 2624 ipsi,
389 2562 489 2624 quum
511 2545 545 2604 et
558 2539 584 2603 F
585 2539 763 2621 rancogalli
786 2545 819 2604 et
833 2539 981 2604 Britanni
1002 2545 1240 2623 cunctarentur,

115 2649 370 2736 respondebant,
405 2671 504 2734 quum
536 2649 699 2716 nescirent
732 2655 765 2713 et
793 2671 877 2732 quae
910 2651 1022 2733 regina
1048 2650 1242 2733 Frauoogal·

116 2763 222 2830 lorum
244 2768 278 2826 et
299 2781 383 2847 quae
405 2760 548 2838 lacobus
573 2779 631 2826 rex
657 2759 806 2826 debello
832 2760 1014 2845 incipiendo
1041 2761 1253 2846 statuissent,

182 3007 219 3077 ⁹⁷)
237 3009 279 3060 Ex
292 3007 405 3070 epistola
418 3007 532 3070 quadarn
550 3007 576 3056 d.
587 3012 610 3058 7.
622 3019 657 3056 m.
667 3006 736 3066 Aug.
750 3007 854 3066 Pragae
867 3007 979 3073 scripte3
998 3009 1043 3068 qui
1060 3021 1119 3058 eam
1136 3008 1243 3069 scripsit

118 3104 204 3154 addit:
223 3103 339 3154 welches
356 3105 409 3166 bey
427 3101 527 3151 diesem
544 3100 659 3152 Lermeu
677 3099 713 3149 im
729 3099 815 3151 Reich
833 3100 875 3151 ein
894 3101 1102 3152 wonderbahres
1117 3101 1242 3152 Ansehen

120 3199 174 3248 hat.
201 3196 281 3248 Arch.
300 3197 369 3247 Anii.

185 3289 221 3362 is)
239 3292 272 3341 D.
286 3298 309 3342 3.
327 3305 362 3342 m·
375 3291 437 3356 Jun.
454 3290 512 3351 jum
533 3287 667 3352 principes
689 3288 722 3340 de
746 3289 881 3350 proposito
905 3302 951 3340 suo
975 3291 1003 3342 et
1019 3290 1243 3351 Brandenburgos

117 3387 145 3438 et
161 3385 317 3446 Neoburgos
336 3385 463 3436 certiores
481 3384 608 3456 fecerant,
634 3383 677 3434 Ex
695 3381 808 3444 epistola
821 3372 926 3444 Praga'e
943 3383 969 3432 d.
984 3389 1024 3434 11.
1042 3398 1077 3434 m.
1089 3384 1152 3436 Jun.
1171 3385 1242 3434 data.

120 3478 199 3530 Arch.
217 3478 287 3530 duh.

186 3571 366 3622 commissarii
385 3570 521 3622 constituti
531 3571 601 3643 ,sunt
619 3569 766 3632 coadjutor
778 3569 951 3636 Coloniensis,
970 3571 1023 3622 dux
1035 3571 1242 3636 Brunsricensis,

119 3667 267 3718 Ludovicus
284 3665 512 3716 Darmstadtenais
530 3664 642 3720 Hassiae
666 3665 769 3730 landio,
789 3665 944 3716 -litterae
966 3666 1055 3716 autem
1078 3665 1243 3726 subscriptae

119 3762 194 3812 erant
211 3762 245 3811 ab
270 3760 429 3828 electoribus
447 3759 616 3824 Mogontiaco
640 3760 672 3823 et
685 3758 837 3812 Coloniensi
859 3760 886 3808 et
904 3757 1046 3824 Saxonico,
1069 3760 1103 3810 ab
1121 3759 1244 3810 archidu-

120 3855 200 3920 cibus,
217 3855 327 3905 ducibus
339 3854 533 3920 Brunsvicensi,
552 3853 689 3919 Hassiaco,
708 3853 737 3904 et
752 3851 876 3912 elegatis
888 3853 1006 3914 Philippi
1018 3853 1088 3915 regis
1101 3855 1128 3904 et
1139 3851 1244 3904 Alberti

120 3948 277 4000 archiducis.

185 4041 350 4106 Leopoldus,
375 4041 420 4104 qni
437 4055 472 4090 m.
484 4042 553 4106 Jnl.,
575 4040 664 4095 omnia
682 4041 717 4090 ad
733 4040 833 4092 bellum
850 4040 955 4100 paravit
972 4040 1000 4091 in
1016 4039 1116 4092 Julian
1133 4051 1186 4088 uon
1203 4051 1244 4089 re-

120 4137 205 4190 uertit
233 4135 308 4186 Talis
325 4134 387 4186 inde
405 4135 439 4185 ab
457 4134 532 4185 initio
551 4149 585 4185 m.
599 4135 653 4186 Jul.
672 4147 755 4198 usque
774 4133 808 4184 ad
825 4148 860 4184 m.
873 4134 942 4194 Aug.
961 4134 1011 4184 iuit
1028 4133 1159 4184 rationum
1175 4143 1244 4182 com-

120 4211 238 4282 mutatio.

187 4323 224 4390 9⁹)
243 4325 406 4386 Wagenaar.
425 4323 472 4374 IV.
490 4336 517 4384 p.
532 4328 590 4374 324.
619 4359 628 4367 .
