2980 5040
585 251 796 318 ..ar-

113 463 227 529 quum
249 441 284 508 in
305 441 422 508 itinere
445 440 532 524 apud
553 441 748 508 Jeanninum
771 440 977 524 devertisset,
1001 445 1179 526 enarravit,
1199 465 1252 512 cr-

116 555 222 622 dines
244 554 311 620 alia
331 553 422 620 nulla
444 574 480 618 re
502 559 679 621 commotos
702 553 870 621 consilium
891 555 982 620 illum
997 557 1130 639 cepisse,
1154 579 1252 640 quam

111 688 164 732 ne
180 665 460 748 Habeburgorum,
483 663 599 748 quibus
614 664 768 745 foverent,
792 685 925 733 causam
938 665 1123 735 inferiorem
1137 668 1252 734 redde-

111 783 208 843 rent.
251 777 337 841 Nam
365 775 564 841 consiliarios
594 781 626 840 et
654 773 841 840 discordare
863 776 949 841 inter
970 798 1004 842 se
1028 784 1062 843 et
1082 779 1252 862 magistra-

112 895 220 954 tuum
241 889 413 971 plerosque
435 907 494 968 per
516 886 654 952 multum
673 887 742 970 jam
763 891 892 969 tempus
907 888 1090 954 mercedem
1105 890 1250 972 accipere

116 1023 142 1066 a
168 1020 246 1082 rege
268 999 445 1083 Hispaniae
454 996 487 1081 7).
531 997 708 1065 Dicebatur
735 996 834 1062 etiam
861 997 1026 1082 Philippus
1053 1021 1169 1083 magna
1195 1023 1251 1084 pe-

123 1111 244 1176 cuniae
265 1109 472 1176 multitudine
495 1107 653 1191 promissa
676 1107 858 1190 diligenter,
881 1115 918 1174 ut
939 1110 1164 1176 investituram
1185 1117 1250 1178 ter·

119 1243 238 1288 rarum
257 1222 389 1286 illarum
411 1219 563 1299 auferret,
586 1223 662 1284 ante
684 1218 915 1301 imperatorem
931 1228 1121 1304 persecutus
1137 1224 1249 1302 essefll.

119 1333 185 1398 Oui
207 1332 366 1398 Rudolsus
387 1353 452 1398 noo
473 1330 638 1397 annuebat
659 1329 719 1410 vel,
742 1329 828 1412 quod
850 1331 905 1396 ille
921 1333 1090 1400 conatibus
1105 1335 1249 1402 Mathiae

118 1444 237 1510 fratris
259 1443 407 1508 seditiosi
428 1441 609 1526 aspirabat,
640 1439 780 1506 offensus
808 1442 859 1506 vel
881 1464 939 1526 spe
962 1443 1121 1512 adductus
1143 1447 1250 1530 ipsum

119 1577 159 1620 se
181 1561 288 1620 terras
309 1555 344 1618 in
364 1559 562 1637 potestatem
584 1570 677 1618 suam
698 1551 906 1618 redacturum
929 1575 1009 1620 esse.

188 1667 302 1749 Neque
331 1665 387 1730 diu
415 1663 642 1730 cunctabatur:
687 1685 777 1745 nam,
814 1669 991 1748 antequam
1022 1669 1184 1752 principes
1216 1678 1250 1734 et

120 1777 429 1859 Brandenburgieus
457 1781 489 1839 et
517 1774 736 1858 Neoburgious
763 1781 869 1842 terras
895 1784 1120 1862 occupassent,
1154 1779 1248 1846 dIl

121 1911 166 1954 m.
189 1889 267 1972 Apr.
296 1888 416 1952 litteris
444 1893 478 1950 et
504 1885 620 1952 viduae
649 1891 682 1950 et
704 1886 896 1954 consiliariis
920 1887 1005 1956 datis
1027 1889 1248 1973 mandaverat,

124 2005 164 2064 ut
185 1999 381 2082 imperatore
403 2004 571 2082 tamquam
593 2017 743 2080 supremo
765 1997 895 2064 domino
914 1999 1050 2083 jubente
1066 2002 1152 2084 quod
1167 2002 1248 2067 duee

129 2110 236 2176 adhuc
256 2111 327 2176 vivo
349 2111 543 2176 instructum
558 2110 600 2174 sit
615 2109 795 2190 imperium,
816 2111 977 2192 integrum
991 2118 1147 2192 maneret,
1169 2133 1248 2180 nere

126 2221 254 2288 ordines
281 2221 381 2288 alium
408 2221 592 2304 acciperent
623 2219 801 2299 dominum3
840 2220 1017 2304 eodemque
1046 2222 1097 2288 die
1125 2223 1178 2304 (II.
1205 2247 1247 2290 m.

124 2334 216 2416 Apr.)
252 2332 377 2398 duobus
415 2331 642 2398 commissoriis
678 2331 734 2414 qui
767 2332 802 2398 in
822 2331 943 2396 duliam
975 2333 1060 2398 irent
1091 2334 1248 2403 mandata

125 2444 231 2509 dedit:
254 2443 454 2508 Rhcinharto
477 2443 517 2508 de
540 2442 797 2526 Schoenenburg,
820 2443 876 2526 qui
898 2448 932 2508 et
951 2443 1075 2510 cohorti
1087 2445 1248 2528 imperiali

126 2556 311 2640 praefectus
341 2554 404 2620 fuit
432 2560 465 2620 et
493 2555 617 2620 caesari
643 2576 663 2618 a
690 2555 787 2620 rebus
814 2554 953 2636 bellicis,
985 2561 1018 2620 et
1039 2555 1180 2622 Henrioc
1207 2556 1247 2622 de

127 2667 348 2746 Neuhaussen,
372 2665 555 2732 consiliario
576 2667 609 2730 in
628 2664 750 2748 judicio
772 2665 942 2746 imperiali.
985 2666 1167 2750 Imperator
1179 2668 1248 2752 jus·

128 2779 169 2844 sit
204 2799 259 2844 eos
295 2777 399 2861 primo
436 2797 564 2862 quoque
598 2782 744 2860 tempore
781 2777 880 2842 abire
935 2777 974 2842 Id
999 2778 1085 2842 enim
1106 2781 1246 2846 maxime

128 2889 253 2972 agebat,
275 2895 312 2954 ut
332 2910 386 2954 res
408 2889 516 2956 Juliae
538 2887 686 2972 publicae
708 2890 742 2954 in
762 2889 934 2971 pristinum
956 2894 1078 2956 statum
1097 2891 1247 2956 restitue·

129 3007 253 3066 rentur:
280 3006 379 3082 utque
407 2999 620 3064 commissarii
646 3019 718 3062 cum
746 2999 875 3064 ducissa
898 3005 931 3063 et
953 3021 1025 3064 cum
1047 3002 1246 3082 consiliariis,

131 3133 270 3178 summas
292 3131 400 3176 rerum
423 3109 642 3187 dividerent9).
686 3108 778 3186 Quod
793 3109 820 3173 si
834 3107 956 3174 factum
979 3115 1079 3190 esset,
1099 3110 1152 3174 vel
1172 3131 1247 3176 eon·

132 3221 251 3304 siliarii,
273 3243 372 3306 quum
392 3221 461 3305 jam
483 3221 591 3286 nullus
614 3226 702 3285 esset
724 3219 881 3301 dominus,
905 3241 943 3286 eo
964 3221 1066 3305 magis
1089 3241 1129 3286 ex
1142 3221 1247 3290 libera

196 3544 217 3607 ⁷)
235 3545 352 3596 trannin
369 3545 402 3596 V.
420 3558 463 3606 pp.
483 3548 540 3596 est.
561 3548 618 3596 352.
638 3543 695 3596 853.

198 3637 219 3700 8)
237 3639 353 3690 Jeannin
370 3640 403 3691 V.
423 3645 480 3690 see.
500 3639 533 3688 de
551 3639 578 3687 la
595 3637 710 3688 Boderie
728 3637 764 3687 II.
782 3651 808 3700 p.
828 3642 867 3690 δι.

197 3731 219 3795 ⁹)
239 3733 376 3784 Cavallrm
394 3734 511 3794 legatum
529 3733 661 3784 Venetam
683 3732 747 3782 dicit
768 3731 956 3793 imperatorem
973 3732 1130 3798 imperasse,
1148 3734 1247 3784 utnon

137 3827 235 3878 ducissa
252 3827 328 3876 modo
352 3829 380 3876 et
404 3827 548 3878 consiliarii
571 3827 618 3876 sed
642 3827 722 3875 etiam
745 3831 796 3878 tres
819 3826 938 3878 electores
956 3825 1122 3878 ecclesiastici
1142 3828 1246 3888 imperii

136 3922 274 3984 participes
293 3923 392 3971 essentt
412 3921 510 3972 Sentit
528 3920 598 3971 enlm
616 3919 661 3970 llle
680 3921 705 3970 rl.
724 3925 763 3971 ιο.
782 3935 816 3970 m.
835 3921 911 3980 Apr.:
930 3920 1247 3972 susurratricem

139 4013 346 4067 recommendati!
365 4027 413 4076 per
430 4017 496 4066 hora
514 4016 575 4078 quel
593 4025 707 4076 governo
726 4015 779 4064 alla
797 4013 926 4065 dochessa
948 4016 1056 4080 veriora,
1079 4027 1128 4065 con
1149 4014 1247 4064 l’iater·

139 4113 210 4162 rento
229 4111 262 4160 de
281 4109 460 4160 commissarii
477 4111 557 4176 Imp,
576 4122 625 4160 con
643 4110 735 4172 queem
752 4110 830 4174 pert,
853 4109 881 4158 di
897 4109 955 4175 piu,
979 4111 1027 4160 che
1045 4109 1190 4159 v'assistino
1208 4109 1247 4160 ln·

136 4193 214 4256 deme
232 4205 259 4255 in
277 4203 365 4267 quello
383 4203 560 4254 ch’ooooresse
578 4203 598 4253 ll
617 4209 630 4256 t
648 4205 768 4254 Elettore
786 4203 975 4268 Ecclesiastici,
994 4215 1067 4253 come
1085 4203 1167 4266 quelli
1173 4239 1246 4256 ......

140 4301 157 4350 li
172 4300 215 4362 pin
232 4299 433 4364 disinteressoti,
452 4297 556 4358 pessino
574 4299 672 4360 meglio
689 4299 790 4350 sesicut
806 4299 833 4348 la
850 4297 944 4360 predte
961 4295 1134 4348 ordinatione.
