2980 5040
633 1263 781 1334 LIBER
813 1263 1067 1336 SECUNDUS.

544 1447 604 1512 DE
627 1447 765 1513 REBUS
788 1447 854 1513 ΑΟ.
880 1448 971 1512 1609.
995 1445 1152 1512 GESTIS.

602 2013 647 2081 De
668 1983 935 2080 Praetendentum
954 2013 1091 2097 jnribus.

286 2149 363 2265 Die
386 2200 436 2267 25.
452 2223 494 2266 m.
510 2201 598 2266 Mart
622 2200 703 2264 1609
719 2201 739 2266 J
741 2222 862 2267 oannes
878 2200 1056 2266 Guilelmus
1072 2201 1211 2268 ultimus
1232 2201 1303 2265 dux
1318 2192 1397 2261 ,lulio

287 2317 321 2376 ot
343 2311 464 2377 Cliniae
488 2333 505 2375 6
527 2313 605 2375 vivis
629 2313 787 2376 discessit.

350 2421 501 2505 Αᾶ1111111
527 2421 726 2486 hereditaria
752 2442 811 2504 pro
840 2421 960 2487 ducatu
983 2424 1162 2489 constituta
1185 2423 1281 2510 quod
1304 2411 1391 2486 attint
1459 2419 1460 2450 1

288 2531 430 2597 Joannes
461 2532 682 2616 Sigismundus
710 2533 797 2598 solus
826 2533 988 2616 legitimus
1015 2533 1109 2599 heres
1137 2535 1312 2601 habendus
1338 2525 1385 2591 6161

287 2644 370 2710 Nam
393 2665 491 2728 quum
514 2665 597 2708 anno
624 2645 704 2708 1496
724 2645 889 2729 privilegio
904 2645 1140 2712 habilitationis
1156 2669 1176 2710 a
1193 2639 1391 2712 Maximillam

289 2756 485 2837 imperatore
509 2763 584 2820 616
609 2756 690 2818 1546
712 2757 877 2840 privilegio
901 2756 1064 2838 Carolin0,
1093 2779 1114 2822 6
1136 2756 1257 2823 Oarolo
1280 2757 1384 2836 impere-

286 2872 358 2931 tore
383 2867 460 2932 dato
484 2865 644 2930 successio
666 2865 805 2930 feminae
833 2873 969 2931 vacante
998 2869 1098 2952 stirpe
1124 2870 1210 2934 virili
1234 2857 1379 2953 approltil

288 2983 389 3060 esset,
431 2982 501 3042 tum
536 2977 641 3061 pactis
679 2977 842 3044 dotalibus
878 2979 964 3043 inter
998 2979 1167 3045 Albertum
1205 2973 1385 3045 Frideries

287 3091 438 3156 Prussiaa
462 3090 585 3170 ducem,
609 3095 643 3154 61
664 3090 802 3154 Μ611616
818 3089 1011 3156 Eleonoram
1035 3089 1271 3171 (Hambaohiae
1287 3088 1314 3152 d.
1328 3069 1386 3146 XIV·

287 3199 702 3280 Dec.157200nsignatis)
734 3200 892 3264 sancitum
920 3209 1004 3284 erat,
1033 3210 1070 3268 ut
1096 3202 1152 3266 ubi
1174 3202 1316 3269 Joannes
1335 3181 1390 3254 Gli·

291 3309 407 3373 lelmus
429 3307 552 3371 nullum
580 3306 682 3372 filium
705 3307 903 3392 reliquisset,
933 3312 1038 3378 Maria
1060 3315 1220 3379 Eleonora
1242 3293 1388 3398 postulttis

292 3440 438 3484 sororum
465 3423 544 3484 natu
572 3420 732 3486 minorum
760 3426 850 3488 66116
871 3423 1029 3505 pecuniae
1051 3446 1176 3490 summa
1199 3405 1390 3507 compensalis

291 3537 396 3595 terras
430 3530 472 3596 ad
505 3531 658 3596 maritum
688 3553 781 3596 suum
809 3538 843 3596 61
871 3533 990 3600 liberos
1018 3535 1169 3600 deferret.
1217 3537 1271 3600 Ius
1302 3528 1389 3595 autem

291 3643 501 3708 successionis
524 3665 622 3727 quum
646 3643 751 3708 Maria
772 3643 933 3710 Eleonora
955 3646 1079 3710 nullum
1101 3647 1280 3729 peperisset
1299 3637 1386 3705 filium,

292 3753 422 3817 transiit
442 3753 607 3836 privilegio
629 3752 779 3819 Carolino
811 3761 939 3821 servato
961 3757 994 3821 in
1016 3755 1115 3821 filiam
1137 3763 1217 3822 natu
1240 3750 1388 3820 maximam

290 3863 426 3944 Annam,
449 3864 567 3928 loanni
582 3863 784 3948 sigismundo
806 3871 950 3950 nuptam.
983 3867 1226 3951 Neoburgorum
1249 3873 1279 3932 et
1292 3860 1385 3942 Bip011‘

289 3975 430 4040 tinorum
452 3974 596 4040 vindiciis
619 3981 689 4040 tam
711 3977 844 4042 uniones
866 3983 1028 4044 terrarum
1050 3978 1224 4046 obstabant
1244 3993 1332 4064 quam
1349 3980 1388 4028 ἴθ’

289 4087 513 4152 nunciationcs
542 4086 657 4169 quibus
685 4093 783 4170 pacta
809 4089 983 4153 Berussica
1011 4091 1301 4174 comprobaverant.
1338 4076 1385 4140 Re·

289 4201 531 4264 nunciationum
565 4204 675 4262 autem
708 4200 943 4280 revocationes
981 4201 1095 4284 quales
1124 4201 1264 4266 Palatini
1292 4191 1384 4279 p⁰⁸tea

293 4315 555 4390 composuerunt,
589 4309 750 4374 invalidae
774 4315 875 4390 erant,
898 4309 1020 4391 irritae,
1053 4311 1249 4395 illegitimae.
1298 4293 1382 4368 llssl'la

290 4423 400 4480 autem
429 4420 666 4502 privilegiorum
692 4421 898 4504 imperatoris
927 4442 1011 4504 quac
1038 4421 1179 4488 Palatini
1210 4430 1244 4488 61
1268 4402 1380 4485 16616110
