2980 5040
591 357 633 370 ...
679 309 805 386 69..

137 511 246 576 Juliee
271 509 456 594 Oliviaeque
478 509 671 576 inconsultis·
693 527 753 593 per
774 507 929 578 ducatum
949 529 1010 592 pro
1032 530 1067 576 se
1088 509 1264 580 vindicavit

134 622 213 704 iter,
242 628 276 686 et
304 619 481 705 Coadjutor
504 619 670 702 Coloniae,
698 621 750 685 oni
777 640 849 686 cum
878 619 1074 704 imperatore
1101 642 1154 688 res
1183 628 1264 704 erat,

135 733 256 800 milites
280 731 481 816 conquisivit,
503 751 564 796 neo
584 753 650 798 non
665 731 772 798 Juliae
787 729 972 815 praefectus
990 737 1137 799 recentes
1152 733 1263 817 copias

134 843 169 908 in
188 842 417 927 jusjurandum
438 841 568 910 Rudolfi
590 848 741 927 acceptos
763 842 899 908 castello
921 841 1057 908 induxit.
1068 842 1117 926 107)
1150 843 1264 928 Neque

136 954 223 1020 aliae
246 953 419 1020 defuerunt
441 975 574 1036 causae,
597 954 714 1038 quibus
736 953 914 1038 perspectis
936 973 1069 1020 necesse
1093 975 1180 1036 esse,
1202 956 1263 1020 mi·

134 1067 211 1131 lites
233 1065 293 1132 sub
308 1065 456 1130 manibus
476 1071 594 1148 essent,
610 1086 720 1131 omnes
735 1063 929 1130 sentiebant.
963 1063 1265 1142 Quarummaxima

135 1177 200 1244 fuit
221 1182 385 1242 terrarum
406 1175 479 1260 ipsa
499 1181 628 1246 natura.
672 1177 756 1242 Nam
788 1195 887 1260 quum
914 1174 1008 1258 illae,
1037 1177 1099 1242 etsi
1121 1176 1264 1245 castellis

133 1287 214 1372 ipsis
240 1307 380 1368 vacuae,
400 1287 487 1362 locis
514 1308 581 1353 non
608 1291 759 1356 carerent
788 1286 940 1372 operibus
967 1287 1263 1372 munitionibusque

136 1397 431 1482 opportunissimis,
453 1393 541 1464 'fieri
576 1419 641 1464 non
679 1397 802 1481 potuit,
848 1397 927 1482 quin
959 1417 1031 1464 cum
1068 1417 1183 1468 manu,
1208 1399 1265 1482 qui

134 1508 225 1592 prior
253 1508 400 1588 adesset,
433 1507 587 1575 facillime
623 1513 729 1574 totam
764 1507 961 1592 provinciam
997 1508 1032 1574 in
1064 1513 1263 1593 potestatem

136 1639 230 1684 suam
250 1619 421 1704 redigeret.
464 1620 580 1706 ltaque
602 1641 687 1705 quae
708 1619 867 1686 Hemicus
897 1619 1035 1686 curabat
1058 1640 1263 1706 summopere

136 1730 354 1796 collaudanda
377 1735 461 1796 sunt.
708 1737 709 1740 ’

201 1842 303 1920 Quem
325 1842 425 1907 etiam
446 1841 587 1926 primum
609 1841 829 1927 proposuisse,
857 1847 895 1908 ut
916 1841 1126 1909 Possidentes
1148 1841 1263 1911 foedus

133 1953 258 2020 icerent
273 1975 346 2019 cum
359 1951 485 2020 Unione
500 1953 694 2038 evangelica,
717 1973 758 2018 ex
772 1951 912 2038 epistola
925 1952 1091 2020 Friderico
1106 1954 1161 2022 IV.
1184 1954 1264 2022 data

133 2062 410 2148 intelligimus.²⁰⁸)

199 2175 306 2260 Atque
327 2174 383 2241 ille
410 2174 445 2240 in
466 2191 594 2241 summa
620 2171 661 2240 de
687 2194 724 2242 re
745 2173 876 2240 Juliaca
900 2174 950 2240 ita
970 2174 1108 2240 meritus
1132 2179 1197 2257 ost,
1225 2181 1264 2249 ut

135 2287 234 2353 sociis
257 2285 393 2352 Unionis
413 2285 532 2352 Hallae
554 2285 711 2352 Suavioae
740 2305 782 2350 m.
804 2285 892 2371 majo
915 2286 1098 2352 convocatis
1120 2305 1205 2371 quae
1228 2292 1263 2354 et

135 2397 203 2464 dux
230 2397 563 2482 Wuertembergensis
596 2402 630 2463 et
659 2395 828 2464 civitatum
860 2397 922 2464 soli
962 2397 1154 2482 imperatori
1187 2397 1263 2464 sub-

131 2509 296 2594 jectarum
309 2508 483 2575 nonnullae
498 2509 617 2574 elocuti
631 2514 715 2591 sunt,
739 2515 891 2576 caverent
905 2510 1078 2595 principes,
1099 2530 1141 2575 ne
1161 2509 1264 2576 socie·

134 2626 207 2686 tate
236 2639 310 2685 cum
336 2640 412 2703 rege
434 2620 716 2704 Franoogallorum
742 2620 833 2686 faeta
861 2641 931 2686 rem
959 2640 1051 2686 suam
1078 2619 1262 2706 perderent,

134 2731 258 2814 injusta
279 2730 467 2798 viderentur
489 2737 523 2798 et
543 2731 664 2798 inania.

200 2842 354 2908 Attamen
374 2862 433 2908 rex
454 2843 582 2910 interea
602 2843 803 2928 ingratorum
825 2843 1008 2912 animorum
1036 2839 1128 2908 nulla
1148 2840 1264 2908 habita

133 2952 280 3035 ratione,
309 2953 389 3018 nihil
417 2954 521 3037 magis
552 2960 662 3036 curat,
693 2975 791 3039 quam
819 2959 858 3020 ut
878 2954 1038 3020 Unionem
1068 2951 1263 3019 corroboret

134 3062 240 3129 Mittit
259 3063 360 3149 igitur
381 3063 541 3130 iacobum
562 3065 792 3149 Bongarsium‚
819 3065 876 3148 qni
898 3084 1003 3150 quum.
1020 3062 1103 3130 alios
1125 3060 1263 3128 Germa-

206 3455 256 3522 102)
273 3458 390 3512 Jeannin
406 3473 434 3523 p.
447 3463 496 3513 514
514 3459 540 3512 d.
558 3463 601 3511 29.
613 3455 676 3511 luri.
694 3457 761 3511 Hier
777 3459 883 3511 vinrent
900 3457 1036 3510 nouvelles
1054 3457 1097 3522 ici,
1115 3470 1167 3521 que
1185 3455 1264 3508 l'Em·

136 3565 236 3618 pereur
247 3566 264 3605 a
276 3554 327 3605 tait
343 3555 423 3606 sortir
439 3555 467 3606 la
484 3553 609 3616 garnison
627 3554 673 3617 qui
691 3551 758 3604 eteit
775 3565 810 3606 au
827 3551 942 3605 cbttcan
959 3533 993 3602 ‹le
1004 3549 1105 3604 Juliers
1122 3553 1150 3602 et
1166 3564 1213 3616 ys
1230 3564 1265 3603 en

136 3647 188 3700 mis
204 3661 256 3700 une
274 3649 350 3700 autre
368 3649 404 3701 du
420 3649 480 3700 tout
497 3647 514 3700 t
530 3660 561 3700 sa
578 3646 710 3713 dtvotion,
732 3660 800 3710 pour
816 3647 872 3699 s’on
889 3645 986 3698 rendre
1002 3645 1108 3710 mettre,
1126 3657 1227 3696 comme
1243 3645 1264 3696 il

137 3742 230 3794 assit.

206 3834 253 3900 1⁰⁸)
270 3836 392 3898 Epistola
409 3837 473 3888 data
490 3837 531 3888 est
547 3835 641 3888 Fontis
658 3835 771 3888 Bleaudi
789 3835 814 3888 d.
833 3841 874 3888 26.
886 3849 921 3886 m.
933 3833 996 3886 lun.
1015 3831 1083 3886 Mais
1094 3845 1156 3886 mon
1166 3831 1265 3888 cousin

137 3931 164 3983 le
181 3931 317 3993 Principal
333 3931 499 3984 maintenaut
514 3932 562 3998 cst,
581 3943 633 3996 que
649 3930 690 3982 les
707 3930 773 3982 amis
791 3930 825 3982 de
843 3941 887 3982 ces
904 3929 973 3982 deux
989 3929 1106 3984 maisons
1123 3941 1152 3980 se
1169 3926 1264 3990 prepa-

137 4032 197 4080 rent
218 4027 247 4077 et
269 4025 382 4076 mettent
404 4037 438 4075 en
459 4026 538 4076 Estat
564 4025 598 4076 de
620 4024 731 4086 pouvoir
753 4024 793 4076 lev
815 4024 924 4076 assister
946 4025 975 4076 et
997 4023 1115 4076 soutenir
1137 4035 1171 4074 en
1192 4021 1264 4076 lenta

135 4120 335 4182 justescauses.
369 4119 394 4170 A
412 4119 474 4182 quoi
490 4121 556 4180 peut
570 4117 631 4170 atre
648 4119 704 4170 tres
720 4118 787 4170 utils
804 4117 911 4180 Punico,
931 4131 983 4182 que
1004 4130 1070 4170 vous
1087 4128 1152 4168 aven
1170 4127 1264 4178 procu·

138 4212 198 4280 resq
217 4214 247 4275 je
264 4225 329 4263 vous
346 4212 402 4275 pris
419 4213 553 4276 doncqoes
570 4213 604 4266 de
622 4214 722 4266 donner
739 4213 818 4266 ordre
841 4211 858 4264 a
876 4227 907 4268 ce
923 4212 999 4286 point
1015 4223 1081 4264 avec
1098 4211 1173 4262 votre
1189 4211 1264 4260 auto·

138 4306 191 4360 rite
208 4308 236 4360 et
252 4307 395 4370 prudente.
429 4305 465 4358 Je
486 4307 570 4362 seteis
591 4309 713 4374 toujours
729 4309 804 4370 ptest
821 4306 865 4372 d'y
882 4306 1035 4360 contriboer
1052 4305 1085 4356 de
1102 4317 1164 4356 mon
1181 4303 1263 4362 coste.

138 4401 246 4462 liscrpt.
264 4400 353 4454 Berol.
