3050 5038
593 283 805 352 ...45-

200 477 307 561 Atque
333 465 478 560 profecto
505 481 654 542 constare
681 473 818 557 ridetur,
841 475 995 560 quamdin
1018 477 1139 542 elector
1164 476 1261 542 rebus

127 587 345 653 investiturae
367 588 560 654 Borussioae
582 594 758 672 occupatus
786 586 829 652 ed
856 607 987 652 oausam
1009 587 1170 654 Juliaoam
1194 587 1262 653 ani·

128 721 223 765 mum
246 698 416 764 attendere
437 721 501 763 non
522 705 661 783 poterat,
684 720 753 764 rem
775 699 845 783 ejus
868 698 956 782 apud
978 698 1107 764 ordines
1124 698 1261 764 ducatus

129 812 277 894 segniter
299 816 405 876 aotam
429 832 509 876 esse.
553 811 666 894 Neque
696 811 724 876 si
751 809 869 876 litteris
892 810 1085 895 quibusdam
1113 811 1262 894 alegate

128 923 218 1006 regis
242 923 440 1004 Britanniae,
468 921 609 988 Rudolio
630 921 798 1004 Minwood,
827 921 857 986 d.
880 922 948 986 XX.
971 943 1013 986 m,
1036 922 1124 1006 Majo
1153 922 1262 986 comiti

132 1033 353 1118 aSealsbury
376 1033 476 1115 datis,
504 1034 620 1118 quibus
641 1033 832 1117 inscriptum
855 1039 941 1116 erat,
971 1033 1132 1098 neminem
1154 1031 1261 1098 adhue

136 1167 175 1208 ex
189 1145 346 1210 ministris
369 1146 435 1210 suis
458 1146 632 1210 electorem
655 1145 698 1210 ad
720 1145 848 1210 ordines
871 1145 1007 1226 misisse,
1029 1143 1127 1212 fidem
1140 1143 1262 1210 habue-

136 1257 244 1350 rimus
260 1255 490 1338 dubitabimus,
506 1257 561 1340 qui
575 1255 671 1340 primi
686 1256 728 1322 ab
751 1277 788 1321 eo
805 1255 946 1339 delegati
968 1262 1085 1339 essent,
1109 1257 1187 1340 quin
1202 1256 1261 1322 sub

134 1366 231 1432 linem
267 1389 308 1431 m.
332 1367 412 1451 Maji
448 1368 602 1432 ducatum
639 1367 805 1434 adiissent.
860 1368 944 1432 Nam
971 1367 1260 1452 Duesseldorpium

131 1499 190 1544 eos
219 1478 403 1560 advenisse,
434 1485 607 1562 postquam
635 1479 666 1544 d.
692 1477 796 1544 XVII.
827 1501 869 1544 m.
899 1479 980 1563 Maji
1001 1480 1180 1563 imperator
1201 1501 1261 1563 per

132 1590 356 1656 Reinhardum
389 1590 431 1656 ab
465 1591 705 1674 Sohonenberg,
742 1590 889 1656 Oohortis
925 1591 1131 1675 imperatoris
1167 1613 1261 1676 prae·

131 1702 272 1783 fectum,
300 1723 373 1768 oum
400 1702 566 1768 ordinibus
588 1702 895 1784 communicaverat,
923 1723 963 1766 ex
988 1702 1028 1767 iis
1055 1723 1140 1786 quae
1162 1701 1261 1786 legati

130 1814 268 1878 electori
289 1813 571 1895 renuntiaverunt,
598 1813 798 1898 intelligitur.
842 1813 965 1892 Quibus
993 1835 1077 1898 quae
1100 1814 1261 1880 Sohonen-

129 1926 213 2008 berg
240 1925 295 1988 ille
322 1923 482 1990 retulerat
510 1924 666 2008 adjuncta
694 1931 777 1990 sunt.
821 1925 956 1990 Accedit
978 1926 1066 2010 quod
1087 1927 1121 1990 in
1142 1925 1260 1991 litteris

133 2035 302 2100 aJoanne
326 2035 527 2118 Sigismundo
555 2042 589 2100 et
609 2036 722 2102 Annae
749 2057 849 2102 uxore
877 2038 947 2121 ejus
976 2057 1036 2121 per
1064 2038 1190 2120 legatos
1218 2036 1262 2103 ad

134 2147 264 2212 ordines
293 2147 411 2212 delatis
438 2147 478 2212 de
504 2148 632 2230 negotio
663 2147 791 2213 domino
820 2148 861 2212 ab
883 2147 1055 2212 Herteleld
1077 2149 1155 2214 dato
1176 2155 1260 2214 tam-

131 2281 233 2343 qnam
255 2258 297 2323 de
318 2279 354 2323 re
382 2259 493 2343 aliqua
518 2258 665 2342 perlecta
692 2259 813 2323 mentio
835 2257 923 2343 litii).
968 2259 1163 2337 Quibuscum
1187 2281 1261 2324 oon-

130 2372 280 2436 sentiunt
306 2391 390 2455 quae
420 2377 453 2436 et
474 2371 616 2437 Jacobus
643 2392 701 2436 rex
729 2375 763 2436 et
783 2369 943 2438 Henrious
970 2371 1025 2437 IV.
1052 2372 1259 2454 scripserunt,

130 2482 406 2565 Brandenburgoe
444 2483 487 2547 ad
518 2504 573 2547 eos
607 2483 733 2566 legatos
762 2504 827 2548 non
852 2481 990 2547 misisse.
1038 2483 1077 2548 D.
1107 2483 1156 2548 13.
1183 2483 1260 2566 Apr.

135 2595 295 2658 Henrions
316 2615 457 2677 purgans
480 2594 653 2659 electorem
676 2594 796 2674 scribit,
820 2615 893 2658 eum
916 2593 1023 2658 adhuc
1045 2615 1146 2678 usque
1161 2594 1259 2659 rebus

135 2705 316 2770 Borussiois
340 2705 422 2769 adeo
445 2711 637 2788 occupatum
658 2705 767 2785 fnisse,
790 2711 827 2769 ut
847 2705 973 2770 adrem
988 2704 1150 2770 Juliacam
1166 2705 1260 2788 quasi

132 2817 291 2882 accedere
313 2837 377 2880 non
399 2817 551 2898 potuerit.
573 2817 681 2900 Atque
704 2816 755 2880 die
778 2816 908 2900 quidem
932 2815 982 2880 25.
1004 2837 1046 2881 m.
1061 2817 1138 2912 dpr.
1160 2815 1260 2882 Jean-

130 2930 244 2992 ninum
266 2928 408 3010 legatum
435 2930 605 2992 certiorem
632 2928 726 3008 feeit,
753 2929 860 2992 nullos
889 2949 924 2992 se
952 2929 1082 2993 nuntios
1112 2949 1260 3010 nequea

133 3039 428 3104 Praetendentibus
463 3057 567 3120 neque
603 3038 745 3102 avidus
774 3037 864 3102 duois
891 3057 996 3120 neque
1024 3037 1066 3102 ab
1093 3038 1258 3104 ordinibus

131 3151 310 3234 accepisse.
354 3149 541 3232 Eodemque
563 3154 709 3231 tempore
732 3149 884 3214 Puisieux
913 3169 953 3213 ex
975 3148 1108 3214 Parisiis
1137 3148 1180 3213 ad
1203 3147 1259 3212 do-

131 3263 257 3326 minum
286 3261 327 3325 de
354 3261 390 3328 la
408 3259 588 3341 Bodderie,
617 3260 761 3343 legatum
792 3260 1047 3342 Francogalliae,
1078 3259 1259 3327 Londinum

129 3373 249 3453 refert,
279 3372 470 3437 tarditatem
491 3372 672 3455 principum
700 3377 733 3435 et
753 3371 984 3454 negligentiam
1011 3371 1130 3436 inertia
1156 3371 1258 3454 magis

130 3484 299 3570 procreari
322 3490 355 3548 et
377 3482 631 3549 dubitationibus
654 3503 751 3565 quam
774 3483 1012 3566 contemptione
1033 3481 1132 3564 regis3
1155 3487 1259 3548 totam
1308 3495 1313 3506 '

131 3599 246 3660 autem
266 3593 381 3678 agendi
402 3594 561 3662 rationem
582 3591 829 3678 vituperandam
851 3614 922 3658 esse
944 3593 1146 3677 multumque
1161 3593 1259 3658 Prae·

131 3706 325 3772 tendentum
348 3705 456 3775 damni
477 3706 512 3770 in
532 3725 567 3772 se
589 3705 728 3784 sarred).

133 3929 232 3989 livium
252 3928 365 3980 Resides
381 3927 446 3978 then
462 3927 528 3990 they
545 3927 637 3978 wered
658 3927 685 3978 in
702 3926 791 3990 wari,
809 3926 898 3978 which
915 3926 939 3978 is
955 3927 1000 3977 too
1017 3925 1103 3991 letely
1125 3925 1213 3978 ended
1229 3927 1258 3977 te

133 4023 217 4084 bem
234 4037 264 4072 eo
280 4035 346 4073 soon
363 4022 459 4082 maine
477 4023 518 4072 lor
535 4022 647 4074 another
663 4020 746 4074 unns
764 4020 851 4072 cause
868 4021 929 4072 who
952 4021 976 4072 is
991 4021 1039 4072 not
1054 4032 1128 4072 more
1146 4019 1258 4071 carelull

134 4119 166 4168 of
181 4117 223 4167 his
240 4131 301 4167 own
320 4115 403 4168 Good.
485 4159 488 4166 .

204 4207 239 4274 ³³)
256 4211 353 4272 Legati
371 4212 489 4262 fuerunt:
524 4211 701 4276 Hieronymus
719 4210 752 4260 de
770 4199 898 4276 Dle'seau,
910 4210 1035 4268 ,Joannee
1052 4209 1205 4264 Friderieus
1223 4209 1256 4259 de

135 4307 398 4374 licentiabimus
415 4305 525 4358 Kreoht.
543 4306 651 4366 lisernt.
669 4305 758 4357 Berol.

206 4399 239 4464 ⁸⁴)
257 4403 384 4455 Panum
399 4401 465 4452 dicit
482 4402 526 4463 <ct
543 4400 578 4452 de
594 4400 625 4451 la
640 4399 774 4452 Beudena
791 4398 827 4452 11.
853 4411 915 4459 pau.
934 4401 989 4460 on:
1008 4396 1073 4451 eea
1089 4399 1150 4460 olus
1166 4397 1257 4452 imon
