2980 5040
569 198 781 264 ..63-

122 387 412 454 Praetendentibus
434 387 516 452 nihil
529 387 591 452 sibi
612 387 660 452 rei
676 409 757 470 esse,
780 408 864 472 quae
885 387 1062 473 imperator
1077 387 1138 454 sibi
1152 409 1238 454 man·

122 496 248 564 daverit
270 499 313 564 ad
334 499 463 564 ordines
485 499 571 564 solos
593 505 751 584 spectare.

186 609 290 689 Quum
311 611 472 695 principes
484 609 769 694 Duesseldorpium
790 609 952 676 intrarunt
974 609 1103 678 ordines
1121 609 1240 692 Juliae,

122 721 296 803 Montium,
320 719 552 805 Ravensbergii
578 719 661 787 forte
689 721 835 786 aderant.
880 720 1022 800 Quorum
1049 743 1143 788 nemo
1170 722 1240 787 iere

119 833 184 897 nisi
206 853 246 897 ex
272 829 410 899 statibus
425 831 532 898 Juliae
556 833 653 917 pauci
675 831 813 898 dominis
832 831 1014 899 recentibus
1037 833 1241 900 obstiterunt.

121 944 237 1028 Neque
253 944 376 1010 animos
391 943 605 1028 perturbavit,
624 943 711 1027 quod
726 942 1009 1028 Schoenenbergus
1023 952 1121 1012 noctu
1136 945 1244 1010 edicta

120 1055 293 1140 quaedam,
316 1055 433 1139 quibus
448 1055 586 1137 ordines,
607 1076 649 1120 ne
662 1053 776 1120 foedus
791 1055 986 1140 imperatore
1000 1057 1100 1122 inscio
1120 1057 1243 1122 factum

119 1165 300 1252 probarent
322 1173 419 1250 atque
442 1166 619 1248 sancirent,
647 1165 838 1232 adhortatus
861 1172 925 1249 est,
953 1167 997 1234 ad
1016 1189 1126 1236 muros
1156 1165 1244 1250 affigi

117 1279 227 1362 jussit.
265 1277 390 1342 Deinde
413 1279 511 1362 quum
527 1277 818 1344 Praetendentibus
840 1279 986 1364 placeret
1007 1286 1043 1346 ut
1064 1279 1161 1346 urbes
1183 1278 1243 1342 cir·

123 1390 286 1454 cumirent
308 1387 351 1454 ad
365 1387 645 1471 Hohenuollerum,
668 1389 723 1474 qui
744 1388 778 1452 in
793 1387 878 1454 diem
899 1391 1003 1474 magis
1025 1391 1165 1475 speciem
1178 1409 1243 1455 non

121 1499 343 1581 commissarii,
359 1499 544 1584 assumpsit,
565 1499 623 1564 sed
642 1498 933 1590 gubernatoris,⁸⁷)
955 1499 1079 1584 legatos
1100 1501 1243 1566 mittunt.

186 1611 247 1690 Qui
257 1610 435 1695 proferunt,
450 1611 692 1695 imperatorem,
715 1612 770 1696 qui
785 1609 825 1676 de
847 1611 997 1698 pactione
1012 1611 1244 1676 Trutmoniana

121 1743 206 1789 nunc
229 1723 347 1788 certior
369 1722 475 1788 iactus
497 1721 680 1804 sit,⁸⁸)alia
703 1724 770 1788 sine
793 1721 891 1790 dubio
912 1721 1070 1788 mandata
1092 1722 1244 1789 daturum

122 1855 194 1900 esse
223 1851 328 1900 comes
350 1823 648 1900 Hohenzolleranus
675 1834 771 1900 modo
798 1841 964 1920 exspectet
989 1856 1068 1900 neve
1092 1832 1243 1900 Duessel-

121 1945 272 2030 dorpium
292 1944 406 2010 tendet
428 1943 504 2008 dum
526 1945 687 2030 principes
709 1945 791 2012 alias
813 1947 910 2014 urbes
931 1943 1120 2030 visitent.⁸⁹)

186 2057 371 2140 'lautusque
405 2055 643 2122 Possidentium
684 2056 776 2141 (nam
816 2055 877 2123 hoo
910 2058 1091 2143 principum
1127 2076 1244 2122 nomen

120 2175 200 2234 tune
229 2169 333 2252 primo
360 2166 506 2234 auditum
541 2167 607 2249 est)
640 2165 702 2232 suit
728 2168 839 2250 timor,
865 2165 987 2233 ncilla
1016 2168 1244 2234 auctoritatem

120 2301 202 2364 prae
225 2300 259 2344 se
275 2279 382 2346 serens
403 2277 624 2363 imperatoris,
647 2276 744 2343 nrbes
767 2279 965 2360 circumiret,
991 2284 1037 2360 nt,
1060 2300 1159 2364 quum
1180 2279 1244 2344 iter

120 2411 181 2476 per
202 2389 357 2456 ducatum
379 2391 567 2456 continuare
588 2389 709 2454 vellent
731 2395 765 2456 et
783 2389 986 2477 praefectum
1004 2390 1094 2456 urbis
1114 2396 1148 2455 et
1169 2411 1244 2456 con-

121 2501 261 2568 siliarios
283 2501 477 2584 obligarent,
505 2505 556 2583 ut,
585 2522 683 2585 quum
705 2501 804 2567 alium
827 2521 1048 2586 quemcunque
1084 2508 1155 2567 tum
1192 2523 1244 2568 eo-

120 2613 235 2678 mitem
261 2611 576 2678 Hohenzolleranum
602 2612 736 2677 introitu
763 2611 988 2696 prohiberent,
1021 2612 1244 2696 deprecantes,

190 2799 223 2864 ⁸¹)
243 2801 423 2852 Starschedell
445 2801 537 2852 scribit
559 2800 594 2851 ai
611 2800 763 2852 Mauritiu'm
780 2800 970 2852 Hessiaticnm:
993 2801 1041 2852 der
1058 2801 1118 2852 Neu
1135 2801 1243 2851 ankom·

120 2896 217 2968 mendo
235 2897 317 2960 Kays.
335 2896 508 2956 Abgesandte
526 2895 578 2946 lest
595 2895 651 2946 sich
669 2895 832 2960 verlautien,
862 2908 893 2946 er
914 2897 1020 2946 komrne
1041 2895 1115 2946 nicht
1136 2895 1178 2945 als
1200 2895 1245 2945 ein

121 2989 328 3042 Kommissarius
346 2991 461 3040 sondcrn
483 2989 523 3039 als
540 2987 584 3038 ein
601 2990 684 3052 Kays.
703 2988 879 3042 Gubernator.
914 2989 989 3040 Undt
1010 2988 1062 3039 wie
1085 2988 1159 3040 seina
1177 2990 1245 3041 wort

120 3085 214 3134 lacten
232 3084 281 3134 soll
300 3095 329 3133 er
347 3083 390 3134 die
409 3084 535 3133 resitentz
555 3082 727 3148 contiuuiren,
745 3083 793 3132 hat
810 3081 989 3132 seinGemahl
1007 3081 1183 3143 animosior
1201 3093 1243 3134 oo-

121 3177 201 3230 mitat
218 3177 262 3228 bei
280 3177 345 3228 sich.
363 3177 470 3238 iiscrpt.
489 3177 576 3227 Berol.

192 3269 225 3334 ⁸⁸)
244 3271 382 3333 Principes
400 3271 433 3320 ie
453 3277 492 3323 io.
511 3284 545 3320 m.
564 3271 626 3321 Jun.
649 3271 837 3333 imperatorem
855 3270 888 3321 de
906 3271 1028 3332 pactione
1047 3271 1187 3324 certiorem
1206 3273 1244 3326 ic-

123 3367 191 3416 cisse
210 3365 367 3426 intelligitur
385 3377 418 3416 ex
436 3365 548 3427 epistola
566 3377 656 3414 eorum
675 3366 700 3415 d.
720 3371 743 3417 i.
762 3365 816 3416 Jnl.
835 3366 906 3432 data,
925 3379 1003 3429 quam
1014 3369 1244 3420 nominantBrau·

122 3459 319 3520 denourssircue
333 3459 387 3510 und
404 3459 607 3520 neuomgisohe
622 3459 843 3520 entschuldignng
857 3459 911 3510 und
924 3459 1106 3522 Supplicatiou
1121 3474 1156 3514 an
1167 3461 1244 3512 Rom.

122 3555 194 3617 Kay.
212 3555 283 3617 May.
308 3554 347 3604 sie
365 3554 409 3605 bei
427 3553 661 3614 eingenommener
678 3553 832 3604 Possession
856 3555 920 3605 dero
938 3555 1050 3604 Landen
1071 3570 1105 3606 zu
1126 3556 1245 3606 manute-

122 3648 201 3700 niren
218 3649 270 3698 rud
287 3649 345 3698 auti
359 3647 486 3698 anhalten
504 3647 552 3697 (ier
568 3647 766 3698 interessenten
783 3647 878 3699 Nichts
901 3662 935 3699 nn
957 3649 1086 3700 statuiren
1108 3648 1159 3699 nisi
1179 3649 1244 3711 ipsis

122 3742 197 3805 prius
214 3742 319 3794 auditis.
336 3743 400 3794 Ber.
417 3741 471 3794 iul.
489 3743 567 3793 Fasc.

191 3833 225 3899 89)
244 3837 286 3887 iix
302 3837 432 3887 relatione
450 3836 640 3888 Starschedelli
657 3835 826 3897 Landgrario
845 3837 870 3886 d.
889 3842 930 3887 22.
948 3835 1010 3887 Jun.
1029 3836 1092 3888 data
1110 3838 1154 3902 qui
1171 3849 1244 3889 man·

124 3932 188 3983 data
205 3932 353 3992 legatorum
370 3931 557 3982 communicat:
576 3931 643 3993 (cod.
665 3931 771 3992 mscrpt
795 3931 895 3996 Berol.)
923 3931 977 3982 unii
1003 3931 1087 3982 daher
1112 3933 1185 3982 nicht
1210 3945 1244 3982 au

123 4025 255 4078 zweifeln
272 4025 319 4077 ihr
336 4023 476 4086 Maiessiiit
492 4025 603 4076 wirden
620 4025 662 4076 ihr
680 4025 723 4075 die
735 4025 882 4087 getroffene
895 4025 1094 4087 Vergieichung
1105 4025 1245 4086 genedigst

124 4121 194 4172 auch
223 4119 341 4181 geiallen
367 4120 455 4170 lassor
487 4121 541 4170 und
566 4119 704 4170 hierunter
729 4121 830 4170 andere
856 4117 1068 4181 Verordnungen
1094 4119 1171 4169 thur:
1203 4120 1243 4170 als

124 4216 218 4268 werde
236 4215 284 4266 der
303 4213 503 4266 commissarius
521 4213 577 4264 sich
595 4214 666 4264 biars
684 4213 764 4264 dahin
783 4211 916 4274 gedulden
927 4213 1002 4264 Urit
1019 4212 1075 4263 sich
1092 4213 1192 4266 anhcrc
1209 4227 1244 4266 uu

124 4309 255 4372 veritigen
272 4309 347 4361 nieht
363 4307 468 4358 umen
486 4307 582 4358 haben.
714 4289 715 4292 ¹
734 4281 740 4298 ‘
