2980 5040
672 161 885 228 -24..

238 355 300 421 bus
328 373 435 437 neque
464 351 611 420 ordinum
645 348 865 429 satisfaceret,
899 350 997 418 immo
1025 369 1101 412 vero
1131 343 1317 428 obstaret,
1362 347 1418 411 ab
1480 354 1483 437 ¹„

242 463 410 532 ordinibus
432 483 536 547 seque
558 483 598 528 uc
619 459 662 527 ub
677 459 948 527 Interesseutibus
969 459 1126 543 rejectum
1149 478 1232 524 esse:
1257 463 1418 523 terras
1481 470 1485 549 1

241 595 306 642 nou
336 573 443 640 minus
475 593 574 658 quum
608 577 707 638 untes
739 570 897 636 turbatus.
949 571 1061 654 Neque
1091 568 1187 636 aliter
1217 569 1416 653 profecto
1483 552 1484 568 ¹

240 685 368 752 mittem
389 704 498 750 rerum
526 689 647 750 statum
669 681 860 748 commutari
886 701 995 766 posse,
1023 681 1086 746 nisi
1112 681 1306 764 imperetur
1341 680 1414 746 In-

240 793 485 876 mentibus,
508 795 563 879 qui
593 829 628 840 -
663 797 701 858 ut
721 792 857 858 meritos
880 792 1009 858 deceret
1036 829 1077 840 --
1104 791 1233 875 petroni
1254 799 1414 858 essent

239 905 395 974 heredum
417 905 621 986 feminarum,
647 923 807 970 summum
833 902 1003 988 imperium
1025 902 1242 971 committeret
1263 907 1409 986 etque

238 1037 339 1104 quum
365 1015 431 1084 dux
457 1015 527 1100 ipse
553 1013 798 1098 inauguratione
826 1011 948 1080 ieuduli
969 1013 1075 1080 adhuc
1101 1031 1203 1095 usque
1225 1019 1408 1094 careret,

240 1135 279 1196 ut
299 1126 463 1212 principes
484 1125 569 1192 inter
591 1123 724 1190 clientes
745 1123 873 1208 imperii
894 1123 1124 1207 reciperentur.

304 1235 394 1316 Ques
424 1235 554 1322 quidem
584 1235 819 1302 Interesssntcs
841 1255 905 1300 non
926 1235 1064 1319 propriis
1098 1231 1194 1298 modo
1222 1233 1402 1300 consiliis

241 1353 425 1430 motos,
447 1346 505 1414 sed
534 1346 577 1414 sb
606 1346 770 1414 ordinibus
799 1345 1026 1431 plerarumque
1061 1345 1177 1412 saltem
1205 1343 1398 1426 provinci-

241 1479 334 1526 arum
356 1457 487 1544 suum
508 1435 643 1544 perosas
666 1479 706 1524 ex
728 1457 839 1522 murus
861 1455 962 1522 uisu
983 1455 1063 1522 loss
1078 1454 1280 1538 uteretur:
1308 1457 1392 1520 ise-

240 1589 312 1638 rum
340 1589 380 1636 uc
405 1569 535 1656 saepius
562 1569 675 1638 dicunt
700 1588 785 1652 quse
808 1566 848 1632 de
870 1566 1006 1651 imperio
1026 1565 1225 1634 instituendo
1247 1587 1391 1651 propo-

240 1685 356 1748 nerent
377 1700 442 1746 non
463 1701 498 1746 se
520 1680 608 1764 ipsos
630 1677 727 1746 modo
749 1677 806 1744 sed
829 1678 927 1744 etiem
950 1677 1077 1744 ordines
1099 1674 1264 1763 peterefl).

306 1789 502 1870 Quibuscum
524 1790 645 1875 optime
668 1789 873 1856 consentiunt
893 1809 977 1872 quse
1000 1789 1065 1854 clio
1086 1790 1157 1856 loco
1170 1789 1380 1858 invenimus:

240 1920 282 1968 uo
314 1898 395 1966 lter
424 1900 596 1986 plerosque
629 1919 669 1966 ex
709 1899 874 1966 ordinibus
910 1897 1108 1966 Olivensibus
1142 1899 1375 1968 Montensibus

240 2010 577 2096 bovembergeusibus
599 2009 811 2092 Murchicis⁴⁸)
842 2009 1111 2078 Interesseutibus
1140 2016 1308 2076 terrerum
1335 2019 1372 2077 et

240 2121 553 2192 administrationem
576 2131 610 2190 et
632 2123 811 2190 curstelsm
833 2121 989 2190 obtulisse
998 2121 1045 2204 ⁴⁴).
1089 2122 1205 2205 Itaque
1225 2141 1295 2186 non
1311 2122 1364 2188 du-

238 2232 308 2300 bito
330 2231 437 2298 dicere
460 2232 575 2297 eodem
598 2253 682 2297 enno
708 2232 788 2295 1593
811 2233 1045 2297 interessentes
1070 2232 1103 2295 in
1126 2251 1238 2312 ceusu,
1266 2253 1356 2317 quum

241 2342 282 2408 de
303 2342 439 2426 imperio
461 2341 659 2408 instituendo
681 2340 860 2423 habebunt,
887 2363 951 2407 non
975 2347 1043 2408 tem
1065 2342 1152 2408 mele
1171 2343 1361 2426 proiecisse:

239 2473 344 2538 neque
366 2473 509 2537 unquam
530 2473 591 2518 nec
618 2458 716 2519 antee
743 2469 802 2518 nec
823 2458 937 2537 postea
958 2474 1011 2518 res
1033 2473 1145 2520 eorum
1166 2459 1235 2520 tem
1257 2455 1362 2522 vslidc

238 2563 281 2632 ub
303 2563 468 2632 ordinibus
490 2564 676 2632 sublevatas
700 2585 780 2630 esse.

305 2675 377 2741 Non
402 2695 482 2757 nego
509 2675 707 2744 consiliarios
736 2675 835 2742 etium
862 2681 940 2742 tuuc
967 2677 1009 2742 sb
1037 2671 1186 2760 opinione
1214 2676 1353 2744 ordinum

238 2787 332 2870 longe
354 2784 555 2852 discessisse:
586 2785 785 2852 infestissimi
807 2806 878 2852 esse
901 2785 1079 2866 debebant,
1106 2786 1183 2852 dum
1204 2787 1286 2854 nihil
1305 2807 1355 2871 po·

239 2898 304 2963 tius
327 2896 535 2978 eniterentur,
559 2917 656 2982 quum
678 2902 715 2962 ut
736 2917 883 2964 recessus
906 2917 1002 2983 quem
1023 2897 1071 2962 illi
1094 2897 1362 2981 deprecabuntur,

306 3206 340 3272 ⁴²)
352 3211 387 3262 oi.
400 3207 591 3271 Seucksuberg
608 3209 626 3260 l.
639 3223 708 3262 nom.
741 3210 832 3262 Dahsr
849 3208 942 3262 neuen
959 3211 1015 3262 sich
1027 3211 1070 3262 die
1082 3211 1197 3264 Fiirstcu
1208 3214 1364 3276 vsrgliuheu

239 3305 340 3358 diesem
358 3303 435 3354 Lund
453 3316 487 3354 uu
504 3303 595 3354 helien
611 3305 660 3356 mit
676 3304 857 3358 Autodsstion
874 3306 956 3370 Kays.
974 3306 1055 3371 mayr„
1076 3306 1124 3360 wie
1142 3305 1194 3375 cus
1206 3307 1255 3360 der
1274 3305 1363 3360 Laud-

238 3395 330 3451 otouds
351 3395 503 3466 eiuwdltycn
525 3397 569 3448 sin
591 3398 770 3452 ordeutltches
791 3399 934 3460 Regimsut
956 3401 1006 3450 etc.
1036 3401 1086 3452 etc.
1114 3403 1285 3454 snzucrducn
1310 3403 1363 3453 etc

238 3491 396 3552 reuellens
419 3491 467 3542 des
488 3490 643 3552 Regimeuts
666 3493 698 3542 uf
718 3493 786 3550 torm
808 3492 862 3544 uie
882 3507 933 3546 vcu
954 3509 1002 3548 cru
1023 3494 1079 3548 und
1100 3494 1150 3547 deu
1167 3492 1282 3550 scendet
1303 3509 1363 3546 vcr-

238 3586 630 3649 recchimundum
648 3586 692 3635 die
715 3599 776 3638 ausu
798 3586 883 3640 mittel
905 3589 953 3640 der
970 3587 1042 3640 Ritu
1064 3589 1108 3640 ein
1129 3590 1227 3642 orders
1248 3591 1288 3642 uls
1310 3603 1362 3642 run

238 3693 287 3732 uns
304 3679 358 3730 und
375 3679 427 3728 den
445 3679 556 3729 stendsn
574 3679 685 3740 gesucht
702 3679 819 3732 worden.

305 3769 340 3835 ⁴³)
357 3770 471 3824 Ordines
487 3771 586 3824 Juliuci
604 3773 684 3824 etium
701 3775 756 3824 tum
774 3775 904 3826 communi
922 3776 1031 3828 consilio
1049 3775 1170 3828 deerunt
1187 3779 1221 3830 cs.
1239 3779 1300 3828 add.
1318 3783 1358 3829 ur.

305 3863 339 3930 ⁴⁴)
357 3866 389 3918 In
412 3865 525 3928 spinula
547 3867 660 3929 quadam
678 3867 784 3920 Ernesti
802 3868 962 3922 Murchionis
984 3870 1008 3920 d.
1029 3869 1172 3934 1111111.
1192 3870 1265 3933 sept.
1284 3877 1356 3924 ltus.

238 3961 300 4016 Uno
322 3959 444 4023 iclreuds
465 3960 493 4011 iu
510 3959 586 4010 Anno
605 3966 670 4013 1593
694 3962 790 4012 durchs
812 3961 919 4013 mehrer
942 3963 990 4013 der
1014 3963 1172 4014 clevischen
1195 3965 1356 4028 Bergischer

238 4053 408 4110 ffurkisoheu
430 4053 694 4120 Ruvensbsrgischcu
717 4054 835 4108 Sttiudeu
858 4054 900 4106 sur
921 4057 969 4116 rut
989 4058 1142 4120 mgssehen
1162 4059 1284 4124 worden,
1306 4059 1355 4110 deu

239 4140 425 4194 hitffiflirien
446 4147 561 4202 Fiirstsn
588 4149 631 4200 die
660 4149 768 4202 Ourutel
794 4149 847 4200 und
873 4148 1090 4204 Administruttcu
1117 4153 1166 4203 der
1187 4152 1299 4206 nurum
1324 4166 1355 4204 uu
