2982 5032
567 215 779 280 -79..

105 397 154 468 ad
191 398 443 482 imperatorem
476 421 574 486 quam
607 401 651 466 nd
682 401 884 498 Leopoldum
916 407 949 467 et
983 399 1064 473 alios
1091 401 1254 486 principes

103 509 266 576 mittunt.
320 509 436 595 Omnia
458 529 542 596 quae
574 531 677 596 usque
711 512 840 583 adhoc
872 513 906 604 in
933 511 1054 606 ducatu
1079 511 1255 581 laetasint

104 621 349 706 superfecte,
378 627 563 706 temperata
585 621 726 712 quadam
754 623 912 693 relatione
941 629 1128 708 exponunt·
1164 623 1253 700 Quae

53 736 59 746 '
102 732 309 815 imperator
332 733 526 821 dixeritut
548 733 802 806 Praetendentes
825 734 868 800 ad
891 733 1035 800 tribunal
1049 733 1254 818 imperatoris

103 863 141 907 se
184 843 388 932 conserant,
426 864 466 910 ea
501 849 575 928 post
611 845 796 927 pactionem
832 845 1096 910 Trutmonianam
1131 844 1255 912 traditu

103 974 194 1019 esse.
205 953 262 1034 1³3)
486 1017 490 1025 ,
1259 957 1264 964 ’

198 1064 252 1130 At
285 1063 435 1148 profecto
465 1064 596 1130 omnino
633 1085 698 1132 non
731 1066 907 1152 desperata
934 1067 997 1132 fuit
1025 1064 1253 1132 Possidentum

103 1183 230 1244 causa.
287 1176 374 1245 Nam
405 1175 565 1246 chricus
591 1175 800 1262 Jacobusque
827 1199 920 1261 reges
952 1177 1084 1244 easdem
1109 1176 1252 1242 rationes

103 1287 279 1370 politione
303 1287 422 1368 secuti,
445 1309 527 1384 quas
554 1287 723 1369 Hellana,
750 1295 884 1372 praesto
911 1294 1013 1370 orant,
1036 1293 1070 1354 et
1090 1287 1252 1372 principes

102 1398 174 1480 ipsi
186 1397 338 1466 urbibus
350 1399 451 1481 copiis
462 1397 656 1482 quibusdem
667 1397 803 1466 firmatis
814 1419 855 1464 ac
866 1399 992 1476 duobus
1004 1397 1146 1473 millibus
1160 1397 1252 1482 pedi-

104 1514 184 1578 run
195 1509 364 1592 milleque
388 1507 550 1592 equitibus
572 1530 593 1574 a
613 1509 869 1593 Brandeuburgo
891 1510 1012 1577 coactis
1025 1509 1134 1597 parati
1148 1491 1251 1588 eraut.

106 1617 201 1697 Quin
227 1620 337 1688 etiam
357 1619 530 1702 paullatim
552 1639 643 1686 arces
676 1626 710 1686 et
737 1621 866 1705 oppida,
895 1639 1104 1704 quaerisque
1127 1618 1252 1688 adhoc
1297 1651 1300 1655 .

107 1731 376 1798 Possideutibus
397 1731 604 1812 resistebant,
626 1731 677 1799 vel
699 1739 858 1816 occupata
879 1737 963 1813 sunt,
985 1731 1036 1798 vel
1058 1711 1118 1796 sua
1137 1735 1251 1814 sponte

107 1861 146 1906 se
172 1841 357 1908 dederunt.
400 1842 517 1913 Paucis
540 1842 652 1910 diebus
671 1845 751 1926 'post
775 1843 950 1912 adventum
976 1841 1139 1926 Laopoldi,
1154 1841 1252 1910 Blau-

98 1950 347 2046 ¹lranbcrgium,
371 1953 458 2036 quod
476 1953 650 2029 ,casalium
661 1955 694 2018 in
710 1955 874 2023 Montibus
890 1955 987 2023 situm
1003 1954 1063 2034 est,
1079 1975 1099 2028 a
1115 1951 1251 2033 Georgia

106 2063 152 2128 ab
177 2063 330 2145 Heiden,
354 2064 406 2130 cui
428 2063 615 2133 Schuemad
636 2064 791 2147 parebat,
814 2072 847 2130 et
870 2088 890 2130 a
911 2064 1052 2137 Hernico
1075 2063 1188 2144 Quoad
1210 2062 1250 2129 de

107 2173 317 2257 Iseugartcn
343 2180 378 2240 et
405 2174 573 2244 aJoanne
595 2175 758 2257 Lueniugo
789 2174 831 2240 da
852 2175 961 2240 Pleess
984 2179 1177 2257 occupatum
1200 2179 1250 2240 est

110 2284 161 2367 (d.
183 2286 241 2355 29.
268 2305 310 2354 m.
325 2285 437 2365 dul).v
462 2285 566 2352 Iidem
587 2286 623 2352 ·d.
646 2286 762 2353 31..ru.
780 2285 863 2367 dul,
883 2285 973 2353 dum
1004 2286 1194 2353 Bertramus
1229 2305 1250 2350 a

107 2395 322 2467 Nesselrodc
344 2396 460 2478 abfuit,
481 2395 687 2468 Wiudekium
710 2397 881 2465 castellum
903 2402 1142 2480 oppresserunt.

157 2508 346 2576 'Attamen
369 2507 453 2576 duae
475 2505 607 2582 fuerimt
629 2529 819 2590 caussatus
842 2508 958 2592 quibus
979 2529 1133 2590 magnum
1143 2506 1249 2578 immi·

109 2617 220 2684 nebat
245 2618 434 2702 periculum.
478 2617 689 2686 Metuendum
711 2620 796 2694 enim
819 2625 902 2699 erat,
922 2639 963 2684 ne
978 2618 1249 2700 Brandenburgus

111 2729 381 2814 Neoburgusque
402 2730 521 2794 iterum
544 2729 586 2794 ad
608 2730 793 2795 inimicitias
817 2729 1060 2794 descenderent.
1104 2728 1249 2822 Narnhic

113 2861 222 2923 quum
244 2841 314 2926 jam
336 2846 434 2906 antea
456 2840 499 2906 ad
526 2848 637 2926 partes
661 2841 839 2908 Caesareas
867 2840 949 2906 adeo
978 2861 1013 2905 sc
1041 2839 1248 2924 applicasset,

113 2955 214 3034 utet
240 2951 372 3018 ordines
391 2951 528 3017 ducatus
552 2958 585 3017 et
611 2953 792 3036 principum
820 2951 1076 3034 evangelicorum
1102 2949 1248 3033 plerique

98 3047 243 3131 ''Joauui
259 3053 582 3152 Sigismundo'magis
597 3061 761 3144 lavissent,
778 3083 875 3146 quam
889 3057 947 3144 illi,
970 3068 1039 3126 tum
1054 3061 1094 3148 iis
1108 3060 1248 3124 maxime

114 3173 325 3258 temporibus
345 3179 380 3240 et
402 3173 545 3242 consiliis
567 3194 644 3240 usus
668 3173 876 3240 clandestinis
897 3171 1101 3240 subditorum
1124 3173 1248 3241 ammos

115 3284 480 3367 promuntunum
509 3289 548 3349 'at
576 3282 656 3350 fidei
688 3283 868 3350 catholicae
899 3285 933 3350 in
965 3285 1054 3350 diem
1083 3283 1187 3366 magis
1210 3303 1247 3350 se

117 3393 462 3480 appropinquavit.¹³l)

120 3634 303 3696 zugehdrigen
320 3634 439 3689 Laudem
473 3634 535 3688 Wio
553 3634 655 3687 diesclb
672 3648 723 3688 von
740 3634 820 3688 Ihren
838 3637 893 3688 FF.
912 3634 968 3687 Ga.
987 3615 1047 3688 dem
1058 3634 1146 3688 Herm
1156 3632 1247 3686 churl.

120 3739 145 3778 v.
164 3707 273 3794 ldcyntr
292 3729 344 3782 vnd
361 3731 480 3785 anderen
497 3729 670 3790 sugeschickt
687 3729 804 3783 worden.
839 3731 889 3780 Mit
906 3729 983 3781 ihren
999 3707 1144 3792 Beylageu.
1179 3725 1248 3779 Diis·

121 3822 225 3876 saldorf
241 3830 306 3878 1610
325 3823 409 3886 durch
426 3823 566 3894 Bembard
583 3824 669 3888 Buyss
687 3823 826 3887 gedruckt.
861 3823 930 3874 Bibl.
948 3823 1037 3874 Berol.

191 3914 243 3986 ¹³⁶)
259 3917 371 3968 Dicunt:
389 3917 440 3968 Dle
458 3905 785 3994 'original-Citatiou
801 3918 839 3969 sci
858 3911 976 3970 cdlichcr
987 3917 1055 3968 nach
1067 3911 1246 3968 solcheerr·

123 4009 267 4074 gleichung
289 4011 428 4068 eiubracht
449 4012 503 4064 und
524 4012 651 4082 publioirt
672 4012 789 4064 worden.
830 3997 931 4074 Quibus
954 4013 1157 4074 comprobantur
1178 4024 1246 4074 quac

124 4115 204 4174 supra
220 4118 281 4168 pag.
295 4111 326 4160 61
346 4105 467 4174 diximus,
485 4107 600 4158 edictum
618 4107 644 4156 d.
662 4112 704 4158 24.
722 4121 756 4158 m.
774 4104 839 4168 Maii
857 4106 948 4158 datum
965 4108 1027 4158 ante
1046 4107 1071 4156 (1.
1090 4111 1113 4157 Β.
1131 4120 1165 4156 m
1183 4103 1245 4158 Juu.

124 4212 177 4252 nou
194 4201 368 4264 subscriptum
387 4211 453 4252 esse.
731 4257 737 4272 ,

192 4294 520 4376 ¹³⁷)Droyseu11·2·p.
540 4301 597 4350 581.
621 4296 739 4352 Josuues
756 4295 901 4357 Nassoviac
923 4309 1011 4350 comes
1031 4309 1117 4358 nuper
1138 4295 1245 4378 Heidel-
