2982 5032
561 284 794 346 -1‘21-

112 476 384 558 Argentoratum,
407 473 546 555 Pragam
568 471 708 554 fecerat,
731 477 856 537 terrent
878 472 1042 537 Saxonum
1066 493 1138 538 cum
1161 471 1241 536 Leo·

111 585 216 670 poldo
235 584 350 668 juncta
373 583 515 648 consilia.

165 695 336 778 'Quaeque
351 694 393 760 ab
416 695 559 759 exercitu
574 693 840 778 Argentoratensi
859 695 911 758 vel
924 694 1119 780 Hispanensi
1133 694 1154 759 J
1155 695 1241 760 uliae

111 807 285 872 imminere
300 805 463 886 videntur,
487 825 526 869 ea
549 805 590 870 ab
606 805 751 870 exercitu
765 804 893 870 Rudolfi
909 805 1063 872 Selisiaco
1078 805 1243 872 Brandene

112 917 251 1001 burgiae
272 915 417 980 timenda
438 920 521 980 sunt.

181 1029 258 1093 Jam
273 1026 395 1091 dudum
408 1026 587 1109 imperator
604 1026 638 1090 in
654 1026 770 1092 Silesia
784 1027 904 1094 milites
919 1027 1027 1112 colligi
1044 1029 1189 1112 jusserat
1196 1028 1244 1112 81).

115 1137 377 1224 Conquisitiones
412 1137 487 1200 duci
518 1137 738 1203 Tescheniano
772 1144 805 1203 et
840 1138 1074 1221 Buohheimbo‚
1111 1139 1243 1204 tribuno

114 1250 274 1330 militum,
295 1247 492 1313 commissae
519 1254 626 1329 erant,
655 1249 813 1314 liudolfus
836 1249 878 1316 ab
903 1250 1056 1334 Fuggeris
1077 1263 1244 1316 versuram

117 1361 261 1441 fecerat,
284 1380 349 1443 qua
369 1358 526 1424 militibus
549 1359 763 1426 satisfaceret.

183 1469 428 1552 Brandenburgi
446 1468 625 1552 perieulum
648 1471 768 1536 acriter
788 1471 897 1536 intuiti
919 1478 1021 1538 erant.
1065 1473 1153 1538 Inter
1176 1467 1245 1536 die's

117 1580 363 1648 Pentecostales
377 1578 491 1644 foedus
514 1601 587 1644 cum
609 1579 765 1647 fratribus
780 1575 1047 1665 anianensibus,
1070 1584 1125 1667 qui
1147 1583 1245 1648 Bero-

116 1694 178 1758 lini
205 1691 290 1757 forte
320 1690 474 1772 aderant,
502 1690 625 1756 factum
653 1697 712 1758 est
755 1691 921 1758 Anhaltini
948 1715 983 1758 sc
1010 1693 1188 1776 Marchiae,
1218 1693 1246 1759 si

117 1805 299 1887 imperator
324 1803 482 1886 impetum
507 1784 644 1884 faceret,
683 1824 747 1869 nou
776 1803 944 1870 defuturos
973 1825 1058 1886 esse,
1090 1805 1246 1890 promise-

117 1919 196 1982 runt
204 1912 250 1996 88).

185 2023 371 2090 Joachimus
394 2024 551 2090 Emestus
574 2029 684 2090 autem
699 2025 936 2109 Anspachensis
958 2027 1033 2091 inde
1055 2047 1131 2092 am.
1147 2027 1243 2092 Mart.
1328 2057 1331 2061 ·

122 2137 206 2202 1610
234 2135 411 2200 exercitum
439 2135 589 2218 parabat.
632 2135 671 2200 D.
692 2135 743 2199 20.
763 2156 805 2199 m.
821 2136 917 2201 Mart.
948 2137 1066 2202 Joauni
1095 2136 1244 2221 Philippo

121 2247 228 2314 Fucbs
257 2243 498 2328 Bimbachensi,
528 2247 584 2330 qui
613 2246 644 2310 ei
666 2267 706 2310 ex
729 2247 872 2312 consiliis
899 2247 1024 2312 bellicis
1052 2247 1129 2329 fuit,
1156 2269 1248 2312 man-

122 2359 229 2438 davit,
252 2363 290 2422 ut
311 2377 411 2422 unam
432 2356 590 2440 legionem
613 2356 834 2440 colligerem).

187 2469 230 2533 M.
245 2468 322 2552 Apr.
342 2488 401 2551 per
423 2465 573 2534 Silesiam
595 2474 629 2534 et
643 2469 832 2534 Bohemiam
856 2469 1087 2552 conquisitores
1109 2468 1249 2534 militum

124 2579 345 2645 circummisit.
389 2577 450 2654 Qui
475 2577 712 2662 conquisitores
739 2599 968 2662 nonnunquam
995 2601 1067 2643 cum
1094 2579 1249 2644 ministris

122 2688 267 2770 liudolfi,
290 2689 346 2773 qui
367 2688 400 2752 in
421 2687 535 2752 iisdem
554 2690 692 2771 negotiis
710 2689 941 2772 versabantur,
964 2687 1249 2772 concurrebantffl).

124 2810 329 2822 ...ψ-μ-

193 2860 229 2927 li)
248 2862 281 2912 cf.
299 2872 344 2921 pg.
359 2865 416 2910 119.

194 2953 230 3021 ⁸⁸)
248 2956 289 3005 Ex
312 2953 425 3016 epistola
445 2952 593 3014 principum
616 2953 651 3003 ad
668 2953 799 3004 Joanuem
818 2953 1014 3014 sigismundum
1037 2955 1100 3004 data
1117 2955 1141 3004 d.
1156 2959 1197 3004 27.
1214 2967 1250 3004 m.

126 3051 189 3103 Jun.
204 3055 278 3102 1610.
305 3047 386 3098 Aret.
398 3045 480 3097 Anba
501 3045 556 3108 „als
574 3046 617 3098 die
635 3045 750 3097 Firsteu
767 3059 954 3108 rergaugenen
972 3049 1108 3109 Pdngsten
1125 3060 1168 3097 am
1185 3048 1250 3098 Hof-

125 3147 204 3206 leger
221 3157 255 3194 au
271 3142 364 3193 Berlin
382 3142 530 3201 genesen.“
689 3187 693 3195 ,

194 3235 230 3304 ³⁹)
248 3237 290 3286 Ex
302 3235 415 3298 epistola
426 3233 558 3286 Joacbimi
571 3235 678 3286 Ernesti
690 3235 820 3289 Onoldiae
839 3237 864 3286 d.
875 3243 916 3288 20.
928 3251 963 3286 m.
975 3237 1053 3288 Mart.
1073 3235 1144 3286 data.
1170 3234 1250 3288 Ascli.

126 3331 195 3384 Aah.
223 3331 336 3382 Terreni
347 3328 516 3384 doschimum
527 3329 668 3380 Ernestum
686 3329 825 3390 episeopus
837 3331 1037 3391 Herbipolcnsis
1055 3330 1199 3393 copiaeque
1215 3331 1251 3380 ab

128 3439 159 3478 eo
178 3426 297 3488 paratae.
332 3423 451 3475 Marchio
469 3435 528 3474 cum
547 3421 670 3484 episcopo
689 3436 737 3484 per
755 3423 880 3484 epistolas
898 3424 1065 3486 colloquitur.

195 3517 230 3584 ⁹⁰)
250 3517 330 3568 Pilsis
347 3518 375 3566 in
393 3517 489 3578 oppido
499 3516 606 3567 ‘milites
623 3516 775 3578 imperiales
792 3517 881 3567 manui
899 3517 1031 3568 Joachimi
1043 3515 1151 3570 Ernesti
1168 3529 1253 3578 nuper

129 3613 156 3664 in
167 3613 316 3664 mercedem
328 3613 454 3673 acceptae
467 3609 585 3661 insidiati
602 3613 674 3660 sunt:
692 3611 850 3662 mercenarii
868 3613 956 3662 autem
975 3613 1123 3662 evaserunt.
1149 3611 1252 3662 Deinde

129 3710 257 3770 utraeque
278 3707 368 3768 partes
390 3706 461 3757 circa
482 3705 699 3765 Neuenburgiam
723 3705 921 3767 conquirebant.
958 3705 1036 3756 Cives
1063 3705 1114 3766 ipsi
1140 3703 1253 3766 optimos

131 3813 247 3866 quosque
266 3802 293 3852 et
310 3799 468 3851 lenissimos
484 3799 583 3850 milites
604 3799 639 3849 ad
656 3799 835 3850 marchionem
852 3799 988 3864 miserunt,
1008 3825 1039 3836 -
1057 3799 1177 3850 homines
1194 3811 1253 3861 per·

132 3896 179 3946 diti
202 3895 230 3945 in
251 3895 331 3945 fldem
349 3893 472 3944 Caesaris
495 3893 598 3954 accepti
621 3893 688 3942 sunt.
725 3893 766 3942 Ex
787 3893 899 3954 epistola
917 3893 1026 3960 Discaui
1044 3893 1069 3942 d.
1083 3900 1123 3944 al.
1141 3907 1175 3944 m.
1188 3893 1253 3954 apr.

131 3991 205 4040 data:
232 3989 272 4039 Ist
295 3987 567 4048 ausgelruudschaitet
583 3999 645 4036 man
661 3986 709 4035 hat
727 3987 765 4038 sie
785 3987 831 4050 (sc.
850 3986 946 4037 milites
964 3987 1081 4047 Ernesti)
1101 3989 1254 4038 zerstrsuen

132 4075 253 4134 wolleu.¹
272 4082 436 4141 Desswegen
454 4080 522 4131 auch
540 4081 583 4131 die
602 4078 680 4132 stadt
697 4081 782 4141 pilsen
800 4080 840 4129 uli
855 4092 988 4140 gewesen.
1023 4079 1067 4130 Sis
1084 4081 1171 4130 seindt
1189 4081 1254 4132 aber

133 4191 165 4228 zu
187 4176 248 4238 spat
270 4177 428 4242 gekcmmen
450 4174 504 4224 und
525 4173 573 4223 hat
595 4173 651 4226 sich
674 4175 722 4224 das
741 4173 813 4225 Volk
839 4173 975 4224 ailbereits
1001 4173 1255 4235 durchgeschliclreu

133 4272 240 4332 cesant.
275 4271 307 4322 In
325 4268 507 4330 Neuenbuqu
524 4269 559 4319 ist
577 4269 699 4330 zuqleieh
718 4267 843 4319 dreierlei
860 4268 999 4330 Werbung
1015 4279 1148 4335 genesen,
1166 4269 1255 4320 haben

134 4365 171 4417 sie
190 4378 224 4415 an
236 4364 342 4418 Theren
354 4363 424 4426 Acbt
437 4362 525 4417 haben
536 4362 632 4431 lassos,
651 4363 694 4416 dle
711 4363 804 4418 besteu
818 4361 944 4416 Soldateu
961 4376 1008 4416 ror
1025 4363 1082 4418 sich
1099 4376 1256 4427 senommen
