2982 5032
591 305 823 366 -117-

141 483 250 548 culum
278 485 470 552 Francicnm
498 486 709 556 lustrationes
740 490 889 572 fiebant3.
907 493 1068 560 nonnullis
1095 495 1174 562 locis
1201 502 1270 564 tam

140 595 349 661 Possidentes
373 619 470 680 quarn
487 597 670 682 Leopoldus
692 623 757 667 uno
781 603 958 688 eodemque
981 608 1127 689 tempore
1149 609 1269 675 milites

140 705 378 789 conduxerunt,
407 709 545 792 exempli
568 711 674 794 gratia
697 713 916 796 Franoolurti,
944 687 1034 800 dujus
1058 718 1142 782 cives
1164 740 1269 803 neque

139 818 197 883 uni
218 837 323 902 neque
346 818 442 883 alteri
463 823 551 904 parti
573 822 681 888 favere
705 823 908 910 volebant⁷⁵).
953 826 1111 908 Saxones,
1143 850 1182 893 ex
1205 851 1268 913 quo

138 935 288 1014 tempore
315 929 580 997 intercessionem
609 933 744 999 Unionis
771 936 954 1019 rejecerant
982 941 1015 1000 et
1040 941 1269 1004 tractationem

140 1061 214 1105 eum
234 1039 496 1124 Brandenburgis
518 1042 562 1108 ad
582 1045 710 1110 irritum
731 1045 941 1129 redegerant,
964 1045 1178 1114 beneficiariis
1202 1051 1269 1116 suis

139 1157 175 1217 et
196 1149 329 1218 vasallis
350 1151 605 1236 imperaverant,
628 1161 665 1220 ut
686 1155 808 1222 bellum
828 1164 993 1240 pararent.

205 1261 325 1326 Notum
341 1268 426 1343 erat,
450 1263 631 1347 electorem,
646 1265 702 1331 ubi
723 1265 863 1350 primum
879 1288 918 1331 ex
933 1269 1037 1352 Praga
1051 1269 1155 1334 redux
1171 1275 1265 1353 esset,

138 1394 210 1438 rem
232 1373 266 1436 in
288 1373 407 1438 serium
429 1394 597 1440 versurum
620 1375 754 1460 esse⁷⁶),
777 1399 974 1463 quamquam
997 1379 1063 1444 dux
1085 1378 1268 1464 Coburgen-

139 1483 185 1549 sis
209 1503 283 1548 eum
306 1481 553 1567 dehortabatur,
575 1507 616 1550 ne
637 1487 760 1552 bellum
782 1487 962 1568 faceret⁷⁷).

204 1595 309 1676 Praga
325 1591 589 1678 Guenderodum,
612 1597 777 1663 tribunum
792 1599 946 1681 militum,
965 1599 1108 1665 Dresdas
1124 1601 1269 1686 miserat,

139 1705 197 1790 qui
225 1703 346 1769 milites
380 1704 533 1788 sclopetis
566 1713 710 1774 armatos
743 1716 876 1775 ornaret
908 1715 1008 1794 atque
1041 1709 1268 1796 inseveras).

139 1816 221 1882 (lum
243 1814 442 1900 principibus
466 1816 649 1900 catholicis,
673 1821 728 1904 qui
742 1819 842 1904 Ligae
864 1820 1041 1904 participes
1064 1827 1171 1904 erant,
1195 1843 1270 1887 con-

140 1925 215 1993 silia
247 1926 327 1991 iniit
379 1925 485 2010 Atque
514 1934 552 1993 ut
583 1929 787 2013 imperatori,
822 1951 919 2015 quem
950 1931 1176 1998 investituram
1209 1933 1270 2000 sibi

138 2037 294 2106 daturum
321 2058 390 2102 esse
418 2039 587 2121 sperabat,
612 2041 864 2124 jucundissimus
888 2047 988 2122 esset,
1022 2063 1061 2106 ex
1089 2063 1270 2108 armamen-

139 2149 226 2214 tario
258 2147 435 2214 Dresdensi
468 2149 511 2214 ad
543 2150 662 2238 milites
695 2151 924 2216 Passavienses
960 2151 1167 2218 instruendos
1199 2159 1269 2219 tam

140 2259 247 2345 pulvis
273 2259 435 2342 ingentem
464 2261 589 2345 copiam
617 2282 716 2344 qnam
742 2261 830 2326 mille
859 2261 1004 2346 solopeta
1033 2268 1066 2327 et
1095 2268 1270 2330 tormento-

139 2393 214 2438 rum
236 2371 426 2436 bellicorum
453 2393 517 2436 non
538 2391 673 2456 parvum
701 2393 871 2438 numerum
893 2373 1012 2438 adduci
1039 2373 1146 2458 jussit.
1190 2374 1271 2440 Leo·

141 2481 258 2568 poldus
274 2487 383 2547 autem
399 2482 555 2548 archidux
571 2504 643 2548 oum
659 2483 784 2550 Saxone
800 2484 1060 2566 communicavit,
1081 2491 1118 2549 ut
1139 2485 1270 2568 milites,

143 2594 199 2678 qni
224 2594 260 2657 in
287 2593 477 2676 episcopatu
502 2593 768 2676 Argentoratensi
789 2595 962 2660 Francisco
990 2593 1030 2658 de
1057 2595 1271 2678 Krieohingen

143 2706 224 2770 duce
238 2703 464 2788 colligerentur
477 2725 537 2790 per
547 2703 791 2788 Lotharingiam
807 2709 840 2770 et
850 2704 1117 2788 Luezelburgiam
1133 2706 1176 2771 ad
1186 2706 1271 2772 Rhe·

140 2837 219 2880 num
238 2820 453 2880 moverentur.
490 2807 629 2900 Jamque
651 2815 723 2881 fieri
741 2836 837 2900 posse
859 2817 1051 2900 sperabant,
1074 2822 1111 2881 ut
1131 2816 1207 2881 inde
1231 2837 1271 2882 ex

141 2927 207 2992 illis
228 2926 376 3010 partibus
391 2926 691 3010 Brandenburgiam
711 2927 947 2992 occidentalem
962 2926 1269 3012 aggrederentur⁷⁹).

212 3247 248 3316 ⁷⁵)
267 3249 433 3301 contarenus
451 3249 530 3300 (1.2·3.
549 3263 583 3299 ιιι.
598 3245 682 3310 April.

213 3342 249 3410 ⁷⁶)
266 3345 319 3394 Ex:
341 3341 466 3405 Zeittung
483 3343 550 3394 iiber
568 3343 615 3392 das
633 3341 807 3393 Passauische
825 3343 995 3404 Kriegsvolk.
1024 3344 1105 3394 Arch.
1118 3344 1200 3394 Anba
1218 3343 1271 3395 ele·

145 3441 245 3490 ctorem
269 3437 350 3502 ,sollo
364 3435 441 3488 ¹nach
464 3439 551 3489 selner
573 3435 720 3487 Riickkehr
745 3437 904 3497 genuliehen
926 3437 1083 3488 Vorhabens
1109 3437 1166 3487 sein
1193 3437 1271 3488 einen

146 3533 220 3584 erunt
236 3531 402 3592 ebenmcssig
420 3545 468 3581 zur
486 3531 680 3592 gebrauehen.“

214 3624 249 3690 77)
268 3627 322 3676 Ex:
342 3624 483 3689 „Samuell
498 3624 589 3677 Greiss
606 3624 721 3686 gothone
733 3616 877 3685 huisimng
888 3637 983 3685 wegen
998 3624 1045 3674 des
1057 3623 1200 3676 Giiliseheu
1217 3623 1272 3674 und

146 3721 247 3771 andern
268 3719 470 3780 Kriegswesens
493 3732 528 3769 an
549 3717 611 3768 Ihre
633 3717 817 3768 Durchlanoht
839 3718 920 3769 Fiirst
941 3718 1048 3768 Johann
1071 3717 1161 3778 Georg
1178 3717 1213 3768 Π.
1237 3731 1271 3768 nu

146 3815 269 3866 Anhalt.“
301 3811 381 3864 Arch.
400 3813 468 3863 Anh.
487 3813 563 3864 Dess.
593 3813 634 3862 Ex
656 3799 787 3862 relatione
806 3813 869 3864 (1.7.
887 3812 1000 3873 mlliaji
1018 3813 1102 3862 lacta:
1127 3810 1272 3873 „Sachsen

148 3908 264 3972 coburg,
282 3907 334 3957 wie
351 3906 395 3957 ich
412 3907 579 3967 Underwegs
597 3919 631 3955 an
650 3905 736 3956 elnam
753 3906 908 3957 vertrauten
926 3904 974 3956 Ort
991 3905 1133 3969 vermerkt,
1157 3905 1206 3954 soll
1225 3905 1271 3954 deu

148 4001 239 4053 Ohurl.
254 4015 287 4050 zu
300 3999 417 4050 Sachsen
428 3999 518 4050 Intent
535 3999 609 4050 nicht
625 3997 770 4060 allerdings
782 3982 906 4064 gefnllem
925 3999 977 4050 hab
990 3999 1058 4050 auch
1071 3999 1114 4049 ein
1132 3998 1271 4048 schreiben

147 4097 268 4160 gelesen,
286 4106 356 4144 wass
374 4093 435 4143 Ihre
453 4093 484 4142 F.
504 4093 536 4144 G.
555 4095 710 4154 desswegen
732 4107 766 4143 an
784 4093 846 4144 Ihre
864 4093 956 4144 Ohurf.
975 4093 1006 4143 G.
1024 4091 1093 4142 nach
1111 4093 1183 4152 Prag
1199 4101 1271 4141 auss-

147 4189 264 4241 frihtliclr
282 4188 414 4249 gelsngen
431 4187 578 4246 gelassen‘
1080 4255 1083 4260 1

217 4280 254 4347 77)
272 4283 313 4333 Ex
331 4279 461 4332 relatione
480 4279 591 4332 Greissii
609 4281 689 4334 (1.13.
706 4279 817 4332 mlum
835 4279 915 4332 Arch.
933 4278 1002 4330 Anh.

194 4361 197 4366 ¹
217 4373 253 4442 79)
270 4377 312 4427 Ex
331 4374 444 4439 epistola
462 4374 575 4439 quadem
593 4373 703 4428 Greissil
720 4387 769 4440 per
786 4375 862 4427 notas
880 4373 986 4438 scripta.
1013 4371 1093 4428 Aroh.
1111 4371 1180 4426 Aah.
