2980 5040
574 251 787 316 ..39-

165 437 327 504 Hollandi
349 443 469 519 autem,
492 438 637 522 quamvis
659 461 724 504 non
745 440 951 508 immemores
971 443 1121 511 electoris
1136 447 1237 512 Bran-

70 550 310 633 denburgici,
333 549 389 633 qui
404 569 507 633 nuper
529 553 592 629 (ao.
610 551 703 634 1605)
727 556 761 616 ct
775 552 818 618 ad
833 574 933 620 onera
947 555 1025 621 belli
1034 557 1237 625 'sublevanda

72 663 203 728 simul
225 683 299 726 cum
322 661 462 726 electore
484 661 633 728 Palatino
654 663 827 746 pecuniam
847 665 1051 748 promisisset
1072 674 1105 733 et
1127 669 1237 735 adres

76 772 350 858 componendas
373 793 432 856 per
452 771 576 856 legatos
599 775 829 840 auctoritatem
844 797 935 842 suam
950 778 1236 865 ntemosuissetr)

81 887 169 970 (aio.
196 884 308 963 1607),
339 883 445 968 qualis
472 905 548 967 erga
576 905 611 949 se
639 891 725 950 esset
746 886 984 970 benevolentia,
1012 896 1122 956 tamen
1143 897 1237 958 tanta

82 997 200 1081 pacis
225 993 401 1078 cupiditate
424 995 511 1078 capti
534 1001 617 1076 sunt,
640 1002 762 1062 utnon
783 999 879 1064 modo
901 1021 1018 1065 novum
1041 1023 1110 1066 ase
1127 1002 1236 1068 defen-

93 1097 227 1172 derent
248 1105 378 1186 bellum,
401 1105 460 1170 scd
482 1106 581 1172 etiam
604 1128 688 1190 qnae
711 1114 745 1174 et
759 1109 917 1176 Henrieus
939 1133 996 1176 rex
1015 1119 1049 1177 et
1063 1112 1235 1180 Mauritius

97 1218 269 1283 Auraious
296 1216 446 1300 princeps
476 1224 662 1300 suaserant,
700 1224 738 1284 ut
769 1223 960 1288 mercenarii
992 1225 1112 1290 milites
1145 1225 1235 1308 prius

96 1349 172 1393 non
194 1328 446 1409 dimitterentur,
470 1349 567 1411 quam
581 1330 760 1414 imperator
782 1331 822 1396 de
837 1353 873 1396 re
888 1333 1016 1400 Juliaca
1039 1356 1122 1419 quae
1145 1336 1236 1401 moli-

95 1445 198 1504 retur
221 1437 386 1520 edixisset,
408 1441 714 1522 aspernarentur).
758 1442 953 1520 Quibuscum
980 1446 1152 1512 Mauritius
1179 1447 1236 1512 do-

97 1573 179 1615 mus
207 1547 512 1631 Brandenburgicae
546 1571 672 1635 semper
705 1552 960 1619 studiosissimus
992 1556 1041 1623 ita
1073 1557 1235 1640 dissensit,

98 1669 142 1727 ut
165 1662 266 1727 vellet
287 1661 400 1726 stetim
423 1662 533 1744 copias
554 1661 588 1725 in
610 1669 716 1728 terras
739 1663 899 1746 Juliaoas,
922 1666 1111 1750 priusquam
1135 1669 1234 1734 alium

101 1774 311 1857 accepissent
333 1772 509 1854 dominum,
533 1773 662 1858 conjici:
685 1795 768 1858 quae
791 1780 903 1841 tamen
925 1798 946 1841 a
968 1779 1084 1844 ceteris
1105 1779 1235 1863 repudi-

103 1891 165 1952 ata
187 1890 272 1950 sunt.

172 1997 256 2060 Nam
279 1994 355 2060 dum
378 1995 436 2061 illa
458 2002 615 2078 geruntur
635 2017 700 2062 non
714 1997 852 2062 multum
868 1998 992 2080 aberat,
1015 2000 1100 2064 utin
1115 1999 1236 2066 ducatu

111 2113 145 2172 et
172 2107 442 2191 Brandenburgus
474 2112 507 2172 et
535 2107 725 2190 Neoburgus
757 2108 985 2174 infelicissimis
1015 2110 1234 2176 simultatibus
1274 2101 1284 2117 '

112 2218 259 2284 distracti
280 2240 317 2284 re
331 2218 365 2283 in
379 2219 480 2284 totius
497 2217 690 2297 Germaniae
713 2219 880 2284 interitum
901 2219 1156 2304 intemperanter
1178 2221 1235 2286 ab·

107 2331 160 2396 usi
190 2336 306 2396 essent.
356 2330 418 2408 Qui
443 2351 484 2394 ne
517 2335 630 2395 vetera
655 2330 791 2396 foedera
817 2337 1025 2413 renovarent,
1052 2352 1117 2396 nou
1138 2332 1234 2396 modo

108 2464 148 2508 eo
170 2441 325 2526 prohibiti
347 2446 432 2523 sunt,
455 2440 542 2525 qnod
564 2441 700 2526 quisque
719 2447 823 2508 totam
837 2441 1054 2508 hereditatem
1069 2443 1235 2526 appetivit,

109 2555 170 2620 sed
193 2555 293 2620 etiam
316 2553 402 2638 quod
429 2553 514 2618 alter
539 2553 643 2635 legem
665 2553 886 2618 Lutheranam
913 2554 1123 2638 sequebatur,
1152 2555 1237 2620 alter

110 2666 172 2750 legi
194 2665 401 2731 Calvimanae
424 2685 459 2729 se
482 2663 773 2747 appropinquabat.

173 2775 356 2860 Stephanus
379 2775 420 2842 ab
443 2774 630 2840 Hertefeldt
651 2773 691 2840 de
714 2773 828 2857 Kolke,
851 2775 902 2840 cui
925 2796 974 2840 ao.
999 2776 1081 2839 1604
1102 2775 1236 2842 manda·
1311 2769 1322 2796 ⁹

112 2895 180 2954 tum
202 2893 283 2969 erat,
305 2893 351 2969 ut,
373 2887 429 2953 ubi
452 2886 517 2951 dux
538 2887 644 2951 vivere
667 2886 832 2966 desiisset,
859 2893 965 2952 terras
986 2886 1063 2951 fidei
1085 2887 1233 2952 electoris

117 3000 286 3083 obligaret,
324 2998 354 3062 d.
384 2997 514 3062 Saturni
538 3005 566 3062 4.
588 3019 630 3061 m.
652 2997 744 3081 Apa,
782 3018 880 3079 quum
909 2996 1112 3061 Gerhardum
1134 2997 1235 3062 Beck-

115 3132 266 3176 mannum
288 3109 526 3190 Coloniensem,
553 3107 731 3188 notarium,
759 3107 815 3191 qui
839 3107 934 3171 testis
960 3113 1047 3172 esset
1066 3107 1233 3192 juridicus,

116 3221 175 3288 sibi
197 3220 414 3306 adjunxisset,
437 3219 549 3285 statim
572 3225 606 3284 et
628 3217 748 3284 Cliniae
768 3218 844 3284 urbi
861 3224 894 3283 et
914 3218 986 3284 aliis
1002 3218 1128 3302 oppidis
1143 3218 1235 3282 vicis-

118 3354 175 3418 que
202 3333 328 3399 mediae
358 3331 494 3413 Cliniae,
527 3337 596 3397 tam
623 3330 801 3413 insignibus
828 3329 976 3395 electoris
1003 3331 1103 3394 muris
1130 3328 1235 3394 affixis

119 3466 152 3512 re
173 3466 263 3526 vera,
291 3465 390 3528 quam
416 3443 487 3508 visu
515 3448 548 3507 et
574 3447 708 3525 aspectu
735 3440 911 3526 symbolica
936 3441 1077 3524 quadam
1099 3461 1235 3524 occupa-

118 3557 210 3624 tionis
232 3555 339 3641 speoie
362 3553 519 3634 adhibita,
540 3574 657 3618 norum
678 3551 832 3618 indicavit
853 3552 1033 3636 imperium.

177 3668 322 3732 Accessit
343 3665 431 3750 quod
453 3669 486 3729 et
509 3663 638 3729 ducissa
660 3685 680 3728 a
702 3663 789 3744 vicis,
812 3664 867 3747 qui
890 3664 920 3728 ei
941 3663 974 3728 in
997 3662 1098 3727 otium
1119 3661 1235 3727 viduae

124 3779 187 3845 dati
210 3783 312 3857 erant,
334 3775 604 3858 Brandeuburgos
626 3753 828 3858 prohibebat,
852 3780 885 3839 et
906 3773 1114 3857 Wolsgangus
1137 3773 1236 3838 etiam

123 3888 287 3956 nonnullas
306 3887 412 3969 urbes,
433 3887 545 3972 quales
560 3885 806 3966 Hambaohium,
829 3884 1050 3966 Eustldrchas,
1073 3885 1236 3949 Monaste-

122 4001 198 4066 rium
238 3996 446 4080 Eiffelanum,
481 3997 656 4082 insignibus
684 3995 790 4062 affixis
817 3995 1026 4080 Neoburgicis
1062 4014 1237 4080 praeoccu-

124 4111 214 4197 pavit.

185 4297 219 4364 1⁸)
237 4300 391 4360 Wagensar
408 4297 455 4348 IV.
473 4309 499 4358 p.
518 4303 576 4348 282.
594 4296 710 4348 Jeannin
727 4297 760 4348 V.
778 4309 804 4358 p.
823 4302 863 4348 90.

184 4390 219 4456 1⁴)
237 4391 354 4445 Jeannin
372 4392 405 4444 V.
422 4404 449 4453 p.
468 4395 526 4444 ³54.
545 4396 602 4444 ete.
621 4397 678 4444 eoo.
697 4391 828 4444 Winvood
846 4389 998 4442 Memoriali
1015 4389 1066 4440 111.
1083 4403 1110 4452 p.
1128 4395 1169 4444 42.
