2980 5040
526 299 736 364 ...59-

82 492 189 569 essent,
205 487 238 552 in
253 492 451 571 potestatem
462 509 553 554 suam
563 486 771 554 redacturum
782 509 861 556 esse.
882 491 943 569 Qui
958 491 1057 575 legeti
1074 491 1187 558 Statua

80 601 111 664 in
139 597 324 664 memoriam
358 597 525 666 foederum
558 621 631 665 eum
663 599 828 666 Joachimc
861 602 1000 668 electore
1027 602 1187 671 factorum

79 709 222 777 reductos
245 731 343 794 quum
365 710 612 794 vituperaseent,
641 710 727 797 quod
741 711 846 780 Juliae
863 711 1046 798 Cliviaeque
1069 713 1188 780 ordini-

78 823 143 904 bus,
164 826 201 886 ut
221 821 338 887 mediis
360 826 486 888 starent
508 822 666 904 consiliis,
690 809 875 905 euasissent,
897 845 957 908 pro
979 829 1067 890 certe
1088 823 1188 890 habe-

78 935 175 1000 bimus
197 933 313 1016 legetis
335 932 525 998 mandatum
546 953 611 998 non
633 954 718 1016 esse,
740 939 777 1000 ut
799 955 870 1000 cum
892 935 1061 1020 Neoburgo
1083 936 1189 1018 pacis·

78 1050 233 1126 errentur,
262 1049 295 1109 et
325 1045 499 1110 electorem
520 1049 624 1111 totam
645 1045 861 1132 hereditatem
882 1069 942 1132 pro
964 1068 999 1114 ee
1026 1047 1188 1112 vindicare

79 1161 264 1223 conaturum
286 1155 437 1240 luisse.⁷⁵l

136 1267 223 1346 Quae
251 1288 350 1351 quum
376 1269 424 1333 ita
453 1287 525 1333 esse
547 1266 717 1334 rideantur
743 1289 836 1336 nemo
863 1269 1008 1354 negabit,
1030 1270 1189 1336 loannem

79 1375 308 1464 sigismundum
328 1399 393 1450 ncn
407 1379 503 1445 modo
519 1380 634 1466 quanti
655 1379 741 1446 foret
758 1381 921 1463 momenti,
943 1382 971 1448 ei
991 1381 1068 1448 illae
1089 1381 1190 1465 potis·

76 1491 187 1556 simum
211 1489 395 1576 provinciae
417 1490 514 1556 terris
540 1489 831 1576 Brandenburgicis
864 1494 1042 1568 attributae
1071 1497 1189 1573 essent,

75 1601 284 1690 perspexisse,
306 1602 364 1668 sed
379 1603 479 1668 etiam
493 1608 531 1670 ut
543 1623 596 1670 res
612 1602 725 1669 domus
740 1624 818 1670 suae
833 1606 1015 1690 superiores
1028 1604 1190 1686 redderet,

77 1715 192 1800 optime
219 1713 408 1799 providisse.
451 1714 607 1782 Attamen
626 1735 736 1782 rerum
763 1721 884 1784 statum
911 1717 939 1784 si
964 1717 1191 1797 intelleximus,

74 1825 160 1912 quod
181 1825 303 1891 elector
324 1825 448 1891 foederi
469 1825 525 1892 illo
548 1825 590 1894 eb
612 1827 751 1894 Ernesto
774 1833 808 1894 et
821 1827 1010 1917 Wollgango
1032 1827 1192 1894 Guilelmc

73 1938 158 2006 facto
177 1958 241 2004 non
256 1937 449 2020 intercessit,
465 1937 622 2027 admirari
635 1960 700 2006 non
713 1940 900 2024 poterimus.
926 1939 1081 2006 Putamus
1096 1940 1192 2020 enim,

75 2071 181 2118 rerum
203 2047 376 2114 discrimen
398 2053 432 2114 et
452 2049 483 2114 vi
505 2055 539 2114 ct
554 2049 692 2116 audecia
711 2049 884 2132 adducere,
905 2057 975 2116 tem
995 2051 1114 2117 rationi
1135 2071 1192 2138 po-

75 2162 197 2242 liticae,
220 2181 318 2246 quem
339 2165 478 2226 naturae
501 2160 650 2226 electoris
672 2161 773 2246 ipsius
794 2181 999 2246 repugnasse.

136 2271 201 2338 Sed
234 2277 272 2336 ut
302 2269 423 2337 adres
451 2269 596 2338 Juliacas
624 2269 806 2338 redeamus.
844 2269 1017 2358 Colloquiie
1046 2273 1194 2340 Trutmo-

71 2384 175 2450 nianis
206 2387 275 2448 tam
298 2382 543 2468 Schoenenberg
570 2405 668 2468 quem
696 2405 736 2450 ex
764 2383 929 2451 ordinibus
952 2385 1193 2470 consiliarisque

69 2517 136 2562 non
157 2494 254 2580 pauci
274 2494 550 2582 interfueruntll)
586 2496 752 2580 Principes
774 2495 891 2562 deinde
912 2495 968 2562 ubi
980 2495 1094 2563 foedus
1110 2519 1196 2564 com-

72 2607 213 2693 positum
238 2605 315 2689 fuit,
343 2606 471 2674 ordines
500 2607 653 2679 certiores
680 2607 819 2689 faciunt,
846 2627 881 2672 se
909 2607 1195 2693 Dueseeldorpium

73 2718 190 2784 venire.

135 2830 254 2916 Itaque
280 2849 380 2914 quum
410 2829 441 2896 d.
473 2829 572 2910 elle.
600 2851 641 2896 m.
669 2829 747 2896 duni
776 2828 1065 2916 Dueseeldorpium
1095 2831 1197 2896 intra-

68 2947 160 3024 rent,
188 2942 334 3026 quamvis
363 2941 525 3008 consilarii
552 2947 585 3005 et
605 2941 720 3008 urbem
747 2962 802 3006 eos
831 2933 931 3007 adire¹
944 2943 1135 3022 esurissent,
1163 2946 1198 3006 et

70 3075 155 3140 quos
181 3057 273 3118 trans
300 3051 448 3118 Rhenum
480 3051 640 3118 heberent
668 3051 824 3118 ducentos
849 3050 985 3132 milites,
1019 3051 1062 3116 ed
1087 3071 1197 3116 muros

70 3165 239 3234 adducere
266 3164 408 3230 minitati
437 3169 562 3246 essent,
589 3169 748 3232 tamena
777 3161 899 3230 civibus
920 3161 1016 3230 laetis
1038 3161 1197 3228 acclama-

66 3276 216 3344 tionibus
238 3275 362 3360 recepti
384 3273 518 3358 suntll)

139 3463 178 3532 ⁷⁵)
196 3464 345 3516 Jeanninus
363 3463 409 3528 qui
431 3475 475 3514 res
492 3461 520 3512 in
537 3462 635 3514 ducatu
653 3461 866 3524 geneseorum
883 3464 1008 3526 neverat,
1031 3463 1117 3523 pridie
1135 3464 1198 3512 ante

61 3559 181 3623 pactum
198 3558 416 3610 Trutmonianum
434 3558 534 3610 factum
551 3557 692 3612 dubitabat
709 3568 744 3606 an
760 3565 804 3608 res
821 3567 949 3618 prospere
968 3556 1095 3609 eveniret.
1129 3557 1198 3608 tiam

61 3669 152 3720 quum
170 3655 197 3704 d.
216 3660 240 3706 9,
258 3667 292 3703 m.
310 3653 372 3704 dun.
396 3653 431 3702 ad
449 3651 607 3704 Villeroium
625 3649 787 3716 scripsisset,
808 3652 980 3712 Neoburgum
1001 3652 1057 3712 jam
1081 3663 1098 3700 a
1119 3653 1197 3713 pacto

58 3763 121 3801 non
146 3748 307 3812 abhorrere,
330 3748 358 3796 et
380 3746 523 3797 electorem
548 3745 617 3808 quod
635 3745 731 3797 foedus
747 3745 829 3796 amici
847 3745 991 3795 suaderent
1007 3744 1035 3794 id
1052 3757 1105 3794 uon
1121 3743 1199 3806 repu-

59 3844 207 3894 diaturum
226 3855 294 3908 cese,
311 3844 367 3892 tum
386 3841 480 3892 ecdem
498 3840 542 3890 die
560 3839 705 3890 Henricum
723 3850 815 3899 regem
833 3839 974 3890 certiorem
992 3839 1064 3903 lacit,
1082 3839 1199 3900 legatum

57 3937 340 3998 Brandenburgicum
349 3936 480 4001 jactasse,
500 3935 645 3986 electorem
662 3935 749 3984 terrae
766 3920 842 3986 ad'se
854 3934 940 3996 ipsum
952 3933 1097 3985 vindicare.

139 4029 179 4098 ⁷⁶)
197 4032 275 4082 Haec
295 4031 436 4082 traduntur
459 4030 487 4080 in
511 4028 617 4090 scripto.
643 4028 695 4078 dei.
719 4027 844 4080 carellus
867 4027 932 4078 dicit
958 4029 984 4078 d.
1014 4032 1054 4078 16·
1076 4039 1110 4076 nr.
1132 4026 1198 4076 Jun:

55 4127 99 4179 Li
121 4125 287 4178 Consellieri
306 4124 334 4177 di
345 4122 462 4176 Giuliers
479 4125 506 4176 vi
523 4125 661 4176 haverano
680 4122 799 4184 eepedito
818 4123 875 4174 loro
893 4121 1015 4183 deputati
1027 4123 1055 4171 et
1067 4119 1089 4170 si
1101 4119 1200 4171 vedere

59 4221 164 4287 quello
181 4203 235 4271 'che
252 4220 371 4271 riuseira.

137 4313 302 4390 ⁷⁷)‚Subditi
325 4315 458 4366 terrarum
476 4312 718 4364 Praetendentiuus
739 4310 849 4362 loedere
873 4311 943 4362 ceto
967 4307 1046 4359 laetis
1063 4305 1200 4370 pratisque

54 4411 175 4463 animis
194 4409 298 4461 obviam
316 4407 403 4469 ivisse,
422 4418 513 4457 omnes
531 4401 686 4458 assentiunt
711 4405 849 4467 Principes
867 4405 918 4467 ipsi
935 4403 1026 4455 dicunt
1043 4402 1071 4454 in
1089 4401 1203 4464 epistola
