2982 5032
694 241 930 306 -lli-

307 427 492 496 Credebant
512 430 609 510 enim,
629 427 830 514 Leopoidum
851 427 1041 514 propediem
1066 427 1245 494 exereitum
1268 429 1365 496 abdu-
1459 417 1460 420 ¹

243 548 371 608 ctutum
393 561 474 608 esse.

281 693 285 701 -
308 653 426 738 ltaque
440 627 584 720 ioannes
598 651 823 736 sigismundus
838 651 972 734 legatos,
994 651 1112 736 quibus
1135 673 1195 716 rex
1209 650 1368 716 voluntati
1459 679 1460 710 ι

243 764 315 849 ejus
335 765 535 849 morigeram
556 763 784 844 mandaverat,
810 769 848 828 ut
873 761 960 828 iiter
985 763 1121 828 comites
1148 762 1302 828 electoris
1321 783 1369 828 es-

243 881 330 956 sent,
373 874 532 942 Jacobum
565 874 772 940 Rosenirrnnz
810 879 845 939 et
878 873 1037 940 Kioeiden
1072 874 1205 940 Krsbbe
1235 874 1369 954 remisit,
1459 927 1460 930 ,

245 1005 318 1052 cum
339 985 459 1052 litteris
480 983 664 1052 Christiano
686 984 826 1066 datis.³⁸)

308 1095 556 1179 mandmbmp·
583 1096 683 1180 igitur
704 1101 738 1160 et
758 1097 930 1181 pecuniam
951 1101 1070 1181 parant
1091 1102 1126 1162 et
1146 1096 1181 1161 in
1201 1095 1295 1162 Julia
1316 1096 1370 1160 mi·

242 1207 327 1274 lites.
363 1205 447 1272 Unio
470 1205 514 1272 sd
527 1207 647 1272 bellurn
662 1206 882 1290 incipiendum
895 1214 1057 1292 prompta,
1078 1211 1252 1292 promptae
1274 1207 1369 1271 etiam

243 1317 434 1400 Holloudis,
462 1317 592 1402 Angiia,
616 1296 851 1403 Franooguiiie.
874 1319 1033 1384 Henrions
1058 1339 1130 1382 rer¹
1145 1338 1188 1382 ne
1216 1306 1244 1382 a⁵
1261 1318 1369 1384 Paria-

242 1437 354 1498 mento
377 1428 511 1514 quidem
532 1429 776 1514 Francogallico
799 1453 819 1495 a
840 1451 876 1495 re
898 1429 1027 1495 Juliaea
1049 1429 1167 1495 abduci
1187 1427 1350 1514 potasti)
1459 1451 1460 1456 ¹

308 1541 422 1628 Neque
444 1541 622 1626 imperator
640 1539 711 1624 jum
732 1561 773 1606 ne
794 1561 848 1607 res
870 1541 905 1608 in
919 1548 1101 1610 extremum
1116 1541 1296 1612 discrimen
1317 1538 1369 1605 ud-

244 1652 393 1736 ducatur,
415 1659 517 1719 oavet.
540 1652 699 1717 Edixerat
714 1651 744 1716 d.
767 1651 818 1716 23.
834 1673 875 1717 m.
891 1653 984 1718 Febr.
1006 1658 1045 1716 ιιι
1066 1671 1167 1736 supra
1178 1651 1370 1716 memorari-

242 1763 371 1846 mus,‘⁰)
390 1783 513 1848 poenos
529 1785 550 1830 a
564 1751 808 1828 Possidentibns
824 1783 859 1828 se
874 1763 1053 1848 petiturum
1068 1783 1149 1845 esse,
1163 1763 1194 1828 si
1207 1762 1370 1828 mandatis

244 1893 309 1940 nou
322 1873 507 1940 obsecuturi
518 1879 640 1954 essent3
652 1873 842 1940 detrabe.
855 1875 888 1938 in
901 1873 1264 1960 epistolaqusdamqua
1272 1872 1370 1938 adiit

245 1991 335 2052 teras
357 1983 492 2052 ioannis
514 1984 711 2069 sigismundi
734 1983 764 2050 d.
788 1983 838 2050 ιδ’.
860 2005 903 2050 m.
925 1985 1004 2050 Nov.
1030 1986 1111 2049 1609
1139 1964 1235 2050 datas
1258 1983 1369 2050 rescri-

243 2096 311 2183 psit
321 2096 489 2182 minusque
504 2097 575 2182 ejus
590 2095 711 2180 repulit
725 2095 914 2178 affirmarit,
933 2117 968 2162 se
990 2097 1095 2163 solum
1116 2115 1187 2164 rem
1208 2095 1369 2162 Juliacam
1459 2133 1460 2176 ι

245 2206 500 2294 dijudicaturum
527 2227 616 2288 esse,
651 2213 686 2274 et
715 2207 759 2273 ad
790 2207 948 2273 ulteriora
980 2210 1255 2291 ,processurum“
1294 2227 1369 2286 esse,

245 2318 354 2404 quoad
368 2339 478 2386 omnes
492 2319 682 2402 imperatori
704 2339 739 2384 sc
761 2318 1000 2385 submitterent.
1023 2319 1149 2384 Scimus
1163 2319 1336 2385 Possident
1323 2325 1368 2384 tes

245 2429 409 2496 mandatis
437 2448 500 2494 non
521 2429 683 2512 paruisse,
714 2429 772 2494 sed
804 2429 986 2514 appelasse
1030 2431 1150 2496 Rerum
1179 2427 1368 2552 compositio

243 2542 314 2628 jam
336 2562 357 2610 a
378 2539 504 2608 nemine
526 2545 586 2624 put
572 2539 713 2606 ttuuaba
1143 2557 1146 2564 ⁴

288 2651 490 2736 instigabant
512 2652 665 2734 Saxones,
693 2651 750 2717 alii
773 2651 897 2718 bellum
923 2651 1095 2736 parabant.
1139 2611 1282 2736 Jamque
1309 2671 1367 2716 non

246 2761 335 2830 iuis
357 2762 464 2844 modo,
488 2763 547 2828 sed
569 2769 641 2828 tota
662 2762 732 2828 iere
754 2762 929 2829 Germania
946 2769 985 2828 et
1006 2763 1157 2848 Europae
1178 2783 1243 2828 non
1270 2779 1367 2848 paruo

246 2893 323 2958 pure
345 2877 500 2940 movetur.

602 3062 647 3133 De
668 3064 833 3133 convento,
848 3063 1029 3156 Proreusi.

396 3173 441 3240 De
461 3189 571 3256 pugno
593 3173 789 3242 Mocholensi
833 3172 878 3240 De
899 3177 1001 3242 morte
1022 3175 1149 3242 chrioi
1170 3177 1223 3243 IV.

288 3305 467 3374 ,Rudolus
494 3307 528 3374 in
549 3327 692 3372 mensem
715 3307 790 3390 Apr.
813 3308 950 3392 Pregam
973 3315 1163 3374 conventum
1190 3309 1365 3396 principum
1459 3291 1460 3300 ἵ

246 3419 488 3488 convocaverat.
532 3417 604 3486 Non
626 3399 725 3490 modo*
749 3439 801 3484 res
824 3417 966 3502 Juiiaoe,
989 3401 1052 3488 'sed
1080 3419 1179 3486 etiam
1206 3421 1299 3500 aliae=
1318 3439 1365 3484 res
1459 3419 1460 3432 ³

247 3567 450 3582 W

246 3669 308 3720 dass
326 3683 356 3722 er
372 3669 438 3722 thur
456 3669 535 3736 wird)
572 3669 634 3721 Uni
660 3667 722 3720 dass
739 3669 801 3720 riou
819 3669 866 3720 der
882 3669 1005 3730 Vestuug
1020 3665 1123 3719 wieder
1148 3669 1275 3734 mechtig,
1301 3669 1364 3718 dam
1459 3677 1460 3682 ¹

246 3773 319 3816 were
346 3775 374 3814 es
400 3763 501 3830 ιιδιιιιι,
528 3763 588 3815 dass
618 3761 666 3814 der
684 3761 775 3816 chori.
802 3763 830 3814 in
847 3763 947 3814 Person
973 3761 1070 3827 trime,
1092 3753 1142 3814 e'he
1160 3763 1218 3815 dies
1234 3763 1310 3814 nieht
1325 3773 1364 3822 ro

246 3855 371 3924 achaten,
389 3857 467 3910 wollo
485 3871 536 3910 von
549 3871 664 3909 unserer
680 3857 751 3908 boot
768 3857 899 3908 Niemand
917 3857 1001 3907 daran
1019 3857 1121 3907 rathen.

314 3949 349 4016 58)
367 3952 485 4014 Quucd.
505 3958 546 4004 ιο.
564 3966 598 4002 ιιι.
618 3951 690 4014 Sept.
709 3952 824 4012 scriptae
842 3952 909 4002 ιιιιιιι

315 4043 566 4112 ιι)1ἰιι1ιι·ιιιιιιιιιιιι
592 4047 627 4096 ab
650 4057 681 4097 eo
707 4045 825 4112 petiisse,
851 4059 885 4096 ne
911 4032 1110 4096 Pomidentibus
1136 4045 1263 4096 auxilinm
1280 4042 1362 4097 ferret,

245 4135 351 4198 territis
368 4140 511 4202 praecipue
528 4140 723 4204 instigantibus,
753 4139 1132 4190 Dieslrouusnnntiutd.21
1155 4155 1190 4193 ιιι
1208 4140 1272 4201 Apr.
1290 4135 1362 4190 Aret.
1459 4117 1460 4164 i

246 4225 379 4282 Anhslt.

316 4321 349 4386 ιθ)
367 4326 402 4375 ci.
421 4333 501 4388 supra
518 4339 562 4388 pr.
582 4331 639 4379 toi.
