3050 5038
760 217 970 280 ..52-

378 406 468 484 Quae
491 405 534 470 ab
556 404 696 470 Henrico
712 403 757 468 IV
773 401 1065 468 Praetendentibus
1087 401 1195 468 relata
1216 408 1301 468 sunt.
1341 403 1450 470 Obse-

312 517 414 582 cravit
436 537 502 598 eos,
526 521 563 582 ut
584 515 837 600 paciscerentur.
866 512 1061 580 Diffiderent
1081 514 1243 602 principes
1266 517 1451 582 certamine

312 649 385 694 oum
406 627 509 694 fratre
530 633 617 708 orto,
644 627 732 712 quod
757 627 938 710 imperator
959 631 1098 706 caveret,
1125 645 1166 690 ne
1196 625 1332 692 alterius
1363 626 1451 693 belli

310 739 415 822 iguem
437 739 653 820 contraheret,
674 738 709 802 id
731 737 820 802 etin
840 741 1007 821 posterum
1035 735 1098 802 sibi
1126 736 1265 802 salutem
1294 736 1452 804 futurum

311 871 392 916 esse.
434 849 519 916 Nam
544 849 673 916 etiamsi
700 847 842 916 Mathias
877 847 1025 932 superior
1056 847 1251 930 exstitisset,
1284 869 1449 933 magnum

310 960 378 1028 lore
399 961 589 1046 perieulum,
617 981 659 1026 ne
680 960 708 1026 ie
729 959 822 1026 uultu
842 964 970 1024 mutato
992 957 1107 1024 eadem
1136 965 1251 1025 contra
1272 961 1448 1045 principes
1500 1019 1501 1038 ,

310 1073 509 1158 evangelicos
530 1072 710 1154 moliretur,
732 1091 831 1156 quam
851 1071 1038 1154 imperator.
1082 1069 1172 1148 Quae
1195 1091 1295 1156 quum
1315 1073 1367 1137 ita
1392 1094 1449 1139 es·
1501 1072 1502 1077 ’

310 1191 393 1266 sent,
413 1182 621 1268 principibus,
643 1183 699 1266 qui
719 1182 877 1248 nominati
900 1181 966 1247 sint
986 1181 1260 1264 Praetendeutes‚
1291 1203 1327 1247 se
1356 1205 1448 1250 sem-

309 1295 541 1380 persuasisse,
564 1299 597 1358 et
618 1315 788 1360 suasurum
811 1314 892 1374 esse,
914 1298 952 1356 ut
973 1292 1174 1376 sapientibus
1197 1293 1339 1360 consiliis
1365 1315 1446 1360 con-
1502 1343 1503 1346 ,

311 1405 524 1492 eordibusque
546 1404 724 1470 discrimini
745 1405 873 1471 obviam
895 1401 1023 1487 eaut.⁵⁵)

374 1517 486 1602 Neque
514 1516 668 1582 Hollandi
701 1535 817 1600 pacem
853 1535 926 1580 cum
957 1513 1044 1580 bello
1073 1514 1334 1580 commutandam
1365 1536 1444 1581 esse
1502 1525 1503 1540 ¹

310 1628 481 1694 ducebant.
1117 1687 1120 1693 .

373 1739 410 1804 D.
438 1738 468 1804 5.
489 1760 531 1803 m.
553 1737 635 1821 Maji
655 1737 867 1802 commissarii
894 1756 979 1820 quae
1000 1736 1179 1820 imperator
1203 1735 1233 1800 d.
1255 1735 1284 1800 2.
1298 1757 1342 1801 rn.
1357 1737 1440 1820 Apr.

310 1850 466 1930 edixerat,
488 1849 723 1932 repetiverunt:
745 1854 783 1912 ut
803 1848 974 1930 imperium
995 1848 1030 1911 in
1050 1847 1223 1930 pristinum
1243 1852 1367 1912 statum
1386 1870 1441 1914 re-

309 1961 511 2052 stitueretur,
533 1965 633 2044 utque
656 1959 869 2024 commissarii
892 1979 964 2024 cum
986 1958 1177 2026 consiliariis
1203 1963 1309 2024 terras
1333 1959 1439 2026 admi·

308 2073 493 2138 nistrarent.
525 2062 554 2086 ’“

372 2183 510 2268 Jamque
532 2182 599 2248 alia
621 2203 661 2247 ex
681 2187 777 2267 parte
797 2181 978 2266 periculum
998 2180 1205 2248 imminebat:
1232 2202 1325 2247 arma
1347 2183 1429 2247 enim

307 2295 498 2360 Niversiana
520 2293 625 2358 denuo
646 2293 822 2358 instabant
844 2293 993 2376 Namque
1024 2291 1168 2373 Carolus,
1191 2292 1352 2378 Gonzaga,
1371 2293 1424 2376 qui
1502 2355 1503 2368 ,

306 2423 423 2470 nomen
445 2404 507 2470 sibi
529 2403 692 2485 arrogavit
715 2403 879 2484 Olivensis,
901 2403 935 2466 in
958 2402 1057 2468 Italia
1079 2424 1119 2467 ex
1134 2403 1295 2487 legatione
1318 2423 1423 2486 arege

306 2513 552 2598 Francogalliae
587 2513 649 2580 sibi
683 2515 855 2580 commissa
889 2513 1031 2578 reditum
1063 2534 1183 2598 parans
1219 2515 1254 2579 in
1278 2515 1429 2597 Galliam,

306 2647 407 2711 quum
421 2631 551 2691 nuntios
575 2626 763 2710 accepisset,
786 2625 900 2692 ducem
922 2631 1086 2690 mortuum
1108 2647 1188 2708 esse,
1210 2626 1432 2692 marchionem

305 2737 467 2822 quendam
488 2737 713 2803 Reinelensem
736 2737 779 2802 ad
799 2736 930 2803 viduam
952 2735 1139 2820 miserat.⁵⁶)

368 2847 456 2912 Tunc
479 2867 519 2911 ex
546 2845 748 2912 Confluentia
777 2847 820 2912 ad
842 2846 1042 2918 consiliarios
1067 2847 1259 2934 ordinesque
1282 2847 1313 2914 d.
1335 2849 1364 2912 9.
1385 2869 1432 2914 m.

305 2958 385 3044 Maji
407 2958 546 3024 alterurn
569 2957 731 3042 delegavit
753 2956 902 3023 Carolum
925 2957 965 3023 de
988 2957 1094 3040 Orme,
1117 2959 1174 3043 qui
1191 2958 1432 3042 „indubitatam

305 3069 395 3136 ducis
419 3071 673 3150 successionem“
698 3071 732 3134 in
754 3070 943 3135 memoriam
965 3075 1111 3136 statuum
1131 3070 1312 3136 reduceret

366 3181 613 3263 Duesseldorpii
635 3185 809 3250 conventus
832 3187 904 3246 erat
926 3182 1068 3248 omnium
1090 3182 1336 3266 provinciarum.
1364 3179 1432 3258 Qui

302 3287 417 3356 Oarolo
441 3290 610 3373 Ormiensi,
632 3296 807 3375 postquam
830 3290 860 3355 d.
885 3292 934 3358 12.
956 3313 998 3357 m.
1021 3293 1109 3376 Majo
1136 3291 1291 3358 mandata
1313 3291 1431 3358 Niver-
1502 3327 1503 3378 r

301 3400 394 3466 siena
408 3401 600 3484 protulerat,
622 3400 801 3485 respondit:
823 3402 925 3467 multo
947 3403 1131 3488 propriores
1148 3407 1298 3487 cognatos
1322 3407 1355 3468 et
1369 3402 1430 3468 he·

300 3511 396 3578 redes
427 3512 517 3579 ducis
545 3514 684 3578 existere
718 3512 891 3592 „adversus
919 3534 999 3598 quos
1029 3514 1154 3598 legatus
1181 3511 1339 3580 mandata
1366 3535 1428 3580 eno

300 3621 372 3689 loco
401 3629 435 3688 et
462 3621 608 3710 tempore
632 3621 769 3688 civiliter
789 3621 995 3690 intentaret.“
1040 3625 1115 3690 Dux
1142 3630 1252 3692 autem
1281 3629 1319 3692 ut
1337 3624 1427 3710 judi·

367 3940 404 4008 a)
421 3942 463 3992 De
483 3941 576 4005 quibus
594 3941 686 3992 videas
703 3931 806 3992 litteras
824 3941 859 3994 ab
876 3940 992 3993 ilenrico
1011 3941 1058 3996 IV.
1078 3941 1104 3996 d.
1124 3949 1164 3996 18.
1182 3941 1298 4008 m.lta]o
1316 3939 1423 3996 domino

297 4033 429 4085 Jeannino
448 4036 532 4086 datas.
567 4035 646 4099 Apud
663 4036 824 4087 Jeanninum
841 4037 874 4088 V.
892 4050 918 4098 p.
936 4042 995 4090 435.

365 4123 398 4192 56)
423 4129 481 4180 Nec
504 4143 557 4180 non
578 4130 613 4179 ad
637 4129 823 4191 imperatorem
846 4130 1053 4182 commissarium
1081 4133 1211 4196 quendam
1239 4131 1421 4200 delegaverat,

298 4221 439 4274 Vidamum
461 4223 495 4273 de
514 4223 663 4289 Sohiatres,
682 4236 760 4286 quem
777 4238 812 4274 m.
830 4224 902 4286 Maio
920 4231 986 4278 1609
1005 4207 1109 4288 Praese
1127 4227 1234 4282 aruisse
1253 4227 1377 4282 cavallus
1394 4227 1419 4277 d.

297 4319 338 4366 at.
357 4330 390 4368 m.
409 4318 481 4381 Malo
499 4319 610 4371 nuntiat
