<?xml version="1.0" encoding="UTF-8"?>
<!DOCTYPE html PUBLIC "-//W3C//DTD XHTML 1.0 Transitional//EN"
    "http://www.w3.org/TR/xhtml1/DTD/xhtml1-transitional.dtd">
<html xmlns="http://www.w3.org/1999/xhtml" xml:lang="en" lang="en">
 <head>
  <title>
</title>
<meta http-equiv="Content-Type" content="text/html;charset=utf-8" />
  <meta name='ocr-system' content='tesseract 3.04.00' />
  <meta name='ocr-capabilities' content='ocr_page ocr_carea ocr_par ocr_line ocrx_word'/>
</head>
<body>
  <div class='ocr_page' id='page_1' title='image "./deimperiobrande00hassgoog/deimperiobrande00hassgoog_0148.png"; bbox 0 0 2982 5032; ppageno 0'>
   <div class='ocr_carea' id='block_1_1' title="bbox 548 1143 749 1332">
    <p class='ocr_par' dir='ltr' id='par_1_1' title="bbox 548 1127 749 1332">
     <span class='ocr_line' id='line_1_1' title="bbox 548 1143 749 1332; baseline 0.005 0"><span class='ocrx_word' id='word_1_1' title='bbox 548 1143 749 1332; x_wconf 43' lang='lat' dir='ltr'><strong>.I⁸&#39;</strong></span> 
     </span>
    </p>
   </div>
   <div class='ocr_carea' id='block_1_2' title="bbox 243 1423 929 1526">
    <p class='ocr_par' dir='ltr' id='par_1_2' title="bbox 243 1423 929 1526">
     <span class='ocr_line' id='line_1_2' title="bbox 243 1423 929 1526; baseline 0.004 -35"><span class='ocrx_word' id='word_1_2' title='bbox 243 1430 245 1434; x_wconf 82' lang='lat'>&#39;</span> <span class='ocrx_word' id='word_1_3' title='bbox 410 1423 459 1492; x_wconf 82' lang='lat' dir='ltr'><strong>De</strong></span> <span class='ocrx_word' id='word_1_4' title='bbox 482 1425 627 1526; x_wconf 81' lang='lat' dir='ltr'><strong>discursu</strong></span> <span class='ocrx_word' id='word_1_5' title='bbox 649 1427 929 1494; x_wconf 72' lang='lat' dir='ltr'><strong>Strslcndorfisuo&#39;.</strong></span> 
     </span>
    </p>
   </div>
   <div class='ocr_carea' id='block_1_3' title="bbox 7 1559 1236 4497">
    <p class='ocr_par' dir='ltr' id='par_1_3' title="bbox 102 1559 1234 2230">
     <span class='ocr_line' id='line_1_3' title="bbox 103 1559 1231 1680; baseline 0.007 -24"><span class='ocrx_word' id='word_1_6' title='bbox 103 1559 345 1657; x_wconf 82' lang='lat' dir='ltr'><strong>De‘discursu</strong></span> <span class='ocrx_word' id='word_1_7' title='bbox 365 1592 578 1658; x_wconf 82' lang='lat' dir='ltr'><strong>Stralendorfi</strong></span> <span class='ocrx_word' id='word_1_8' title='bbox 604 1593 789 1679; x_wconf 87' lang='lat' dir='ltr'><strong>Droyscnus</strong></span> <span class='ocrx_word' id='word_1_9' title='bbox 816 1582 922 1678; x_wconf 81' lang='lat' dir='ltr'><strong>nuper</strong></span> <span class='ocrx_word' id='word_1_10' title='bbox 940 1596 1053 1680; x_wconf 65' lang='lat'>(1860)</span> <span class='ocrx_word' id='word_1_11' title='bbox 1073 1598 1117 1661; x_wconf 76' lang='lat' dir='ltr'><strong>in</strong></span> <span class='ocrx_word' id='word_1_12' title='bbox 1148 1599 1231 1677; x_wconf 82' lang='lat' dir='ltr'><strong>„Ab-</strong></span> 
     </span>
     <span class='ocr_line' id='line_1_4' title="bbox 102 1701 1233 1799; baseline 0.005 -32"><span class='ocrx_word' id='word_1_13' title='bbox 102 1701 311 1786; x_wconf 83' lang='lat' dir='ltr'><strong>handlungen</strong></span> <span class='ocrx_word' id='word_1_14' title='bbox 331 1703 391 1768; x_wconf 91' lang='lat' dir='ltr'><strong>der</strong></span> <span class='ocrx_word' id='word_1_15' title='bbox 411 1702 580 1799; x_wconf 82' lang='lat' dir='ltr'><strong>Kdniglicb</strong></span> <span class='ocrx_word' id='word_1_16' title='bbox 599 1704 1061 1772; x_wconf 71' lang='lat' dir='ltr'><strong>Stichsischen‘Gesellschefft</strong></span> <span class='ocrx_word' id='word_1_17' title='bbox 1076 1706 1135 1772; x_wconf 81' lang='lat' dir='ltr'><strong>der</strong></span> <span class='ocrx_word' id='word_1_18' title='bbox 1149 1708 1233 1774; x_wconf 91' lang='lat' dir='ltr'><strong>Wis-</strong></span> 
     </span>
     <span class='ocr_line' id='line_1_5' title="bbox 104 1804 1232 1900; baseline 0.005 -22"><span class='ocrx_word' id='word_1_19' title='bbox 104 1811 349 1894; x_wconf 63' lang='lat' dir='ltr'><strong>sensch&#39;afteffl,</strong></span> <span class='ocrx_word' id='word_1_20' title='bbox 375 1813 514 1879; x_wconf 79' lang='lat' dir='ltr'><strong>edocuit.</strong></span> <span class='ocrx_word' id='word_1_21' title='bbox 552 1804 633 1880; x_wconf 84' lang='lat' dir='ltr'><strong>Tam</strong></span> <span class='ocrx_word' id='word_1_22' title='bbox 661 1815 700 1880; x_wconf 91' lang='lat' dir='ltr'><strong>de</strong></span> <span class='ocrx_word' id='word_1_23' title='bbox 728 1823 876 1898; x_wconf 81' lang='lat' dir='ltr'><strong>auctore,</strong></span> <span class='ocrx_word' id='word_1_24' title='bbox 904 1805 1006 1900; x_wconf 86' lang='lat' dir='ltr'><strong>quam</strong></span> <span class='ocrx_word' id='word_1_25' title='bbox 1032 1815 1072 1882; x_wconf 82' lang='lat' dir='ltr'><strong>de</strong></span> <span class='ocrx_word' id='word_1_26' title='bbox 1094 1819 1232 1884; x_wconf 84' lang='lat' dir='ltr'><strong>historia</strong></span> 
     </span>
     <span class='ocr_line' id='line_1_6' title="bbox 104 1909 1234 2018; baseline 0.004 -28"><span class='ocrx_word' id='word_1_27' title='bbox 104 1909 327 2008; x_wconf 62' lang='lat' dir='ltr'><strong>discursasse</strong></span> <span class='ocrx_word' id='word_1_28' title='bbox 350 1923 389 1988; x_wconf 91' lang='lat' dir='ltr'><strong>de</strong></span> <span class='ocrx_word' id='word_1_29' title='bbox 413 1923 608 1991; x_wconf 77' lang='lat' dir='ltr'><strong>editionibus</strong></span> <span class='ocrx_word' id='word_1_30' title='bbox 630 1933 728 2010; x_wconf 85' lang='lat' dir='ltr'><strong>atque</strong></span> <span class='ocrx_word' id='word_1_31' title='bbox 757 1927 797 1992; x_wconf 88' lang='lat' dir='ltr'><strong>de</strong></span> <span class='ocrx_word' id='word_1_32' title='bbox 819 1929 1049 2018; x_wconf 78' lang='lat' dir='ltr'><strong>manuscriptis</strong></span> <span class='ocrx_word' id='word_1_33' title='bbox 1065 1929 1130 2014; x_wconf 85' lang='lat' dir='ltr'><strong>egit</strong></span> <span class='ocrx_word' id='word_1_34' title='bbox 1146 1950 1234 1994; x_wconf 91' lang='lat' dir='ltr'><strong>erro-</strong></span> 
     </span>
     <span class='ocr_line' id='line_1_7' title="bbox 103 2017 1233 2122; baseline 0.002 -20"><span class='ocrx_word' id='word_1_35' title='bbox 103 2017 395 2118; x_wconf 78' lang='lat' dir='ltr'><strong>resquepriorum</strong></span> <span class='ocrx_word' id='word_1_36' title='bbox 419 2035 588 2120; x_wconf 83' lang='lat' dir='ltr'><strong>refutavit,</strong></span> <span class='ocrx_word' id='word_1_37' title='bbox 621 2036 759 2120; x_wconf 91' lang='lat' dir='ltr'><strong>denique</strong></span> <span class='ocrx_word' id='word_1_38' title='bbox 791 2039 915 2122; x_wconf 80' lang='lat' dir='ltr'><strong>primus</strong></span> <span class='ocrx_word' id='word_1_39' title='bbox 943 2039 1125 2112; x_wconf 77' lang='lat' dir='ltr'><strong>discursum</strong></span> <span class='ocrx_word' id='word_1_40' title='bbox 1151 2041 1233 2105; x_wconf 87' lang='lat' dir='ltr'><strong>inte-</strong></span> 
     </span>
     <span class='ocr_line' id='line_1_8' title="bbox 104 2145 563 2230; baseline 0 -20"><span class='ocrx_word' id='word_1_41' title='bbox 104 2167 198 2230; x_wconf 84' lang='lat' dir='ltr'><strong>grum</strong></span> <span class='ocrx_word' id='word_1_42' title='bbox 221 2145 430 2212; x_wconf 79' lang='lat' dir='ltr'><strong>emendatum</strong></span> <span class='ocrx_word' id='word_1_43' title='bbox 453 2145 563 2212; x_wconf 87' lang='lat' dir='ltr'><strong>edidit.</strong></span> 
     </span>
    </p>

    <p class='ocr_par' dir='ltr' id='par_1_4' title="bbox 104 2255 1234 2562">
     <span class='ocr_line' id='line_1_9' title="bbox 171 2255 1233 2346; baseline 0.006 -26"><span class='ocrx_word' id='word_1_44' title='bbox 171 2257 239 2340; x_wconf 84' lang='lat' dir='ltr'><strong>Ego</strong></span> <span class='ocrx_word' id='word_1_45' title='bbox 261 2255 392 2340; x_wconf 87' lang='lat' dir='ltr'><strong>quidem</strong></span> <span class='ocrx_word' id='word_1_46' title='bbox 413 2257 494 2321; x_wconf 84' lang='lat' dir='ltr'><strong>nihii</strong></span> <span class='ocrx_word' id='word_1_47' title='bbox 514 2257 588 2322; x_wconf 86' lang='lat' dir='ltr'><strong>novi</strong></span> <span class='ocrx_word' id='word_1_48' title='bbox 610 2256 725 2338; x_wconf 87' lang='lat' dir='ltr'><strong>habeo,</strong></span> <span class='ocrx_word' id='word_1_49' title='bbox 748 2257 899 2342; x_wconf 81' lang='lat' dir='ltr'><strong>quod&#39;de</strong></span> <span class='ocrx_word' id='word_1_50' title='bbox 919 2259 980 2324; x_wconf 90' lang='lat' dir='ltr'><strong>hoc</strong></span> <span class='ocrx_word' id='word_1_51' title='bbox 996 2259 1144 2326; x_wconf 80' lang='lat' dir='ltr'><strong>discursu</strong></span> <span class='ocrx_word' id='word_1_52' title='bbox 1160 2283 1233 2346; x_wconf 91' lang='lat' dir='ltr'><strong>pro-</strong></span> 
     </span>
     <span class='ocr_line' id='line_1_10' title="bbox 104 2367 1234 2456; baseline 0.004 -24"><span class='ocrx_word' id='word_1_53' title='bbox 104 2367 229 2456; x_wconf 69' lang='lat' dir='ltr'><strong>feram,v</strong></span> <span class='ocrx_word' id='word_1_54' title='bbox 244 2367 306 2432; x_wconf 89' lang='lat' dir='ltr'><strong>nisi</strong></span> <span class='ocrx_word' id='word_1_55' title='bbox 326 2388 506 2452; x_wconf 85' lang='lat' dir='ltr'><strong>perpauca,</strong></span> <span class='ocrx_word' id='word_1_56' title='bbox 529 2389 613 2455; x_wconf 86' lang='lat' dir='ltr'><strong>quse</strong></span> <span class='ocrx_word' id='word_1_57' title='bbox 636 2369 795 2453; x_wconf 86' lang='lat' dir='ltr'><strong>Droyseni</strong></span> <span class='ocrx_word' id='word_1_58' title='bbox 817 2370 961 2435; x_wconf 87' lang='lat' dir='ltr'><strong>rationes</strong></span> <span class='ocrx_word' id='word_1_59' title='bbox 985 2371 1177 2437; x_wconf 87' lang='lat' dir='ltr'><strong>confirmant</strong></span> <span class='ocrx_word' id='word_1_60' title='bbox 1201 2378 1234 2436; x_wconf 88' lang='lat' dir='ltr'><strong>et</strong></span> 
     </span>
     <span class='ocr_line' id='line_1_11' title="bbox 106 2475 531 2562; baseline 0.007 -22"><span class='ocrx_word' id='word_1_61' title='bbox 106 2475 347 2562; x_wconf 87' lang='lat' dir='ltr'><strong>quodammodo</strong></span> <span class='ocrx_word' id='word_1_62' title='bbox 371 2479 531 2562; x_wconf 89' lang='lat' dir='ltr'><strong>supplent.</strong></span> 
     </span>
    </p>

    <p class='ocr_par' dir='ltr' id='par_1_5' title="bbox 7 2585 1235 3096">
     <span class='ocr_line' id='line_1_12' title="bbox 173 2585 1234 2674; baseline 0.004 -22"><span class='ocrx_word' id='word_1_63' title='bbox 173 2589 249 2671; x_wconf 78' lang='lat' dir='ltr'><strong>Pag.</strong></span> <span class='ocrx_word' id='word_1_64' title='bbox 265 2585 327 2652; x_wconf 75' lang='lat'><strong>372</strong></span> <span class='ocrx_word' id='word_1_65' title='bbox 351 2587 552 2672; x_wconf 85' lang='lat' dir='ltr'><strong>aDroyseno</strong></span> <span class='ocrx_word' id='word_1_66' title='bbox 574 2588 830 2674; x_wconf 86' lang='lat' dir='ltr'><strong>manuscriptum</strong></span> <span class='ocrx_word' id='word_1_67' title='bbox 846 2589 1010 2674; x_wconf 82' lang='lat' dir='ltr'><strong>quoddam</strong></span> <span class='ocrx_word' id='word_1_68' title='bbox 1025 2593 1234 2657; x_wconf 88' lang='lat' dir='ltr'><strong>Berolinensc</strong></span> 
     </span>
     <span class='ocr_line' id='line_1_13' title="bbox 106 2697 1235 2794; baseline 0.003 -30"><span class='ocrx_word' id='word_1_69' title='bbox 106 2697 151 2764; x_wconf 87' lang='lat' dir='ltr'><strong>ad</strong></span> <span class='ocrx_word' id='word_1_70' title='bbox 172 2697 300 2764; x_wconf 88' lang='lat' dir='ltr'><strong>initium</strong></span> <span class='ocrx_word' id='word_1_71' title='bbox 313 2697 384 2763; x_wconf 87' lang='lat' dir='ltr'><strong>Sec.</strong></span> <span class='ocrx_word' id='word_1_72' title='bbox 396 2699 498 2764; x_wconf 86' lang='lat' dir='ltr'><strong>XVII.</strong></span> <span class='ocrx_word' id='word_1_73' title='bbox 520 2699 670 2764; x_wconf 80' lang='lat' dir='ltr'><strong>refertur.</strong></span> <span class='ocrx_word' id='word_1_74' title='bbox 704 2697 850 2764; x_wconf 83' lang='lat' dir='ltr'><strong>Scribam</strong></span> <span class='ocrx_word' id='word_1_75' title='bbox 872 2699 1012 2794; x_wconf 76' lang='lat' dir='ltr'><strong>veltres</strong></span> <span class='ocrx_word' id='word_1_76' title='bbox 1036 2703 1160 2768; x_wconf 78' lang='lat' dir='ltr'><strong>scribas</strong></span> <span class='ocrx_word' id='word_1_77' title='bbox 1183 2725 1235 2767; x_wconf 94' lang='lat' dir='ltr'><strong>co-</strong></span> 
     </span>
     <span class='ocr_line' id='line_1_14' title="bbox 7 2805 1234 2898; baseline 0.002 -24"><span class='ocrx_word' id='word_1_78' title='bbox 7 2805 9 2808; x_wconf 69' lang='grc'><strong>’</strong></span> <span class='ocrx_word' id='word_1_79' title='bbox 107 2809 213 2874; x_wconf 87' lang='lat' dir='ltr'><strong>dicem</strong></span> <span class='ocrx_word' id='word_1_80' title='bbox 234 2809 337 2874; x_wconf 84' lang='lat' dir='ltr'><strong>multo</strong></span> <span class='ocrx_word' id='word_1_81' title='bbox 360 2807 567 2877; x_wconf 80' lang='lat' dir='ltr'><strong>festinatione</strong></span> <span class='ocrx_word' id='word_1_82' title='bbox 590 2829 665 2874; x_wconf 90' lang='lat' dir='ltr'><strong>usos</strong></span> <span class='ocrx_word' id='word_1_83' title='bbox 688 2805 914 2894; x_wconf 83' lang='lat' dir='ltr'><strong>descripsisse,</strong></span> <span class='ocrx_word' id='word_1_84' title='bbox 938 2811 1123 2898; x_wconf 80' lang='lat' dir='ltr'><strong>Droysenus</strong></span> <span class='ocrx_word' id='word_1_85' title='bbox 1147 2805 1234 2878; x_wconf 86' lang='lat' dir='ltr'><strong>dicit.</strong></span> 
     </span>
     <span class='ocr_line' id='line_1_15' title="bbox 107 2917 1234 3014; baseline 0.003 -29"><span class='ocrx_word' id='word_1_86' title='bbox 107 2921 146 2985; x_wconf 93' lang='lat' dir='ltr'><strong>In</strong></span> <span class='ocrx_word' id='word_1_87' title='bbox 181 2919 291 2985; x_wconf 87' lang='lat' dir='ltr'><strong>codice</strong></span> <span class='ocrx_word' id='word_1_88' title='bbox 329 2919 461 3004; x_wconf 85' lang='lat' dir='ltr'><strong>quidam</strong></span> <span class='ocrx_word' id='word_1_89' title='bbox 486 2941 601 3014; x_wconf 75' lang='lat' dir='ltr'><strong>uersus</strong></span> <span class='ocrx_word' id='word_1_90' title='bbox 636 2917 737 2985; x_wconf 81' lang='lat' dir='ltr'><strong>faceti</strong></span> <span class='ocrx_word' id='word_1_91' title='bbox 765 2921 980 2987; x_wconf 81' lang='lat' dir='ltr'><strong>inveniuntur.</strong></span> <span class='ocrx_word' id='word_1_92' title='bbox 1037 2921 1085 2988; x_wconf 88' lang='lat' dir='ltr'><strong>De</strong></span> <span class='ocrx_word' id='word_1_93' title='bbox 1116 2922 1234 3006; x_wconf 87' lang='lat' dir='ltr'><strong>quibus</strong></span> 
     </span>
     <span class='ocr_line' id='line_1_16' title="bbox 109 3027 969 3096; baseline 0.001 0"><span class='ocrx_word' id='word_1_94' title='bbox 109 3027 231 3096; x_wconf 78' lang='lat' dir='ltr'><strong>editor:</strong></span> <span class='ocrx_word' id='word_1_95' title='bbox 386 3029 388 3036; x_wconf 71' lang='lat'>&#39;</span> <span class='ocrx_word' id='word_1_96' title='bbox 965 3037 969 3044; x_wconf 69' lang='lat'>‘</span> 
     </span>
    </p>

    <p class='ocr_par' dir='ltr' id='par_1_6' title="bbox 158 3140 1236 3580">
     <span class='ocr_line' id='line_1_17' title="bbox 158 3140 1235 3203; baseline 0 -9"><span class='ocrx_word' id='word_1_97' title='bbox 158 3145 161 3150; x_wconf 85' lang='lat'>&#39;</span> <span class='ocrx_word' id='word_1_98' title='bbox 248 3140 311 3194; x_wconf 75' lang='lat' dir='ltr'><strong>&#39;Bei</strong></span> <span class='ocrx_word' id='word_1_99' title='bbox 333 3141 408 3190; x_wconf 87' lang='lat' dir='ltr'><strong>einer</strong></span> <span class='ocrx_word' id='word_1_100' title='bbox 421 3149 458 3192; x_wconf 80' lang='lat' dir='ltr'><strong>&#39;so</strong></span> <span class='ocrx_word' id='word_1_101' title='bbox 481 3141 508 3191; x_wconf 85' lang='lat' dir='ltr'><strong>in</strong></span> <span class='ocrx_word' id='word_1_102' title='bbox 531 3141 598 3192; x_wconf 83' lang='lat' dir='ltr'><strong>Hast</strong></span> <span class='ocrx_word' id='word_1_103' title='bbox 619 3141 779 3203; x_wconf 73' lang='lat' dir='ltr'><strong>gemachten</strong></span> <span class='ocrx_word' id='word_1_104' title='bbox 799 3143 938 3194; x_wconf 72' lang='lat' dir='ltr'><strong>Absohrirt</strong></span> <span class='ocrx_word' id='word_1_105' title='bbox 959 3143 1051 3194; x_wconf 83' lang='lat' dir='ltr'><strong>wiirdc</strong></span> <span class='ocrx_word' id='word_1_106' title='bbox 1075 3155 1136 3194; x_wconf 86' lang='lat' dir='ltr'><strong>man</strong></span> <span class='ocrx_word' id='word_1_107' title='bbox 1160 3141 1235 3196; x_wconf 84' lang='lat' dir='ltr'><strong>nicht</strong></span> 
     </span>
     <span class='ocr_line' id='line_1_18' title="bbox 211 3226 1235 3304; baseline 0.002 -18"><span class='ocrx_word' id='word_1_108' title='bbox 211 3235 316 3286; x_wconf 78' lang='lat' dir='ltr'><strong>sllcrlei</strong></span> <span class='ocrx_word' id='word_1_109' title='bbox 332 3226 487 3296; x_wconf 50' lang='lat' dir='ltr'><strong>¹Spottversc</strong></span> <span class='ocrx_word' id='word_1_110' title='bbox 510 3235 558 3286; x_wconf 76' lang='lat' dir='ltr'><strong>sni</strong></span> <span class='ocrx_word' id='word_1_111' title='bbox 572 3236 728 3298; x_wconf 72' lang='lat' dir='ltr'><strong>Erzherzog</strong></span> <span class='ocrx_word' id='word_1_112' title='bbox 745 3237 878 3304; x_wconf 68' lang='lat' dir='ltr'><strong>Leonem,</strong></span> <span class='ocrx_word' id='word_1_113' title='bbox 902 3239 954 3288; x_wconf 83' lang='lat' dir='ltr'><strong>den</strong></span> <span class='ocrx_word' id='word_1_114' title='bbox 972 3238 1081 3299; x_wconf 73' lang='lat' dir='ltr'><strong>degum</strong></span> <span class='ocrx_word' id='word_1_115' title='bbox 1097 3239 1235 3301; x_wconf 65' lang='lat' dir='ltr'><strong>Brundes-</strong></span> 
     </span>
     <span class='ocr_line' id='line_1_19' title="bbox 211 3329 1236 3397; baseline 0.005 -18"><span class='ocrx_word' id='word_1_116' title='bbox 211 3331 292 3390; x_wconf 69' lang='lat' dir='ltr'><strong>burgs</strong></span> <span class='ocrx_word' id='word_1_117' title='bbox 310 3331 338 3380; x_wconf 92' lang='lat' dir='ltr'><strong>in</strong></span> <span class='ocrx_word' id='word_1_118' title='bbox 356 3330 404 3379; x_wconf 85' lang='lat' dir='ltr'><strong>der</strong></span> <span class='ocrx_word' id='word_1_119' title='bbox 420 3329 593 3380; x_wconf 81' lang='lat' dir='ltr'><strong>Jiilichschen</strong></span> <span class='ocrx_word' id='word_1_120' title='bbox 612 3329 865 3397; x_wconf 69' lang='lat' dir='ltr'><strong>occupatissimo,</strong></span> <span class='ocrx_word' id='word_1_121' title='bbox 884 3333 1024 3396; x_wconf 63' lang='lat' dir='ltr'><strong>bergomat</strong></span> <span class='ocrx_word' id='word_1_122' title='bbox 1041 3333 1137 3397; x_wconf 42' lang='lat' dir='ltr'><strong>hebeni</strong></span> <span class='ocrx_word' id='word_1_123' title='bbox 1156 3344 1236 3384; x_wconf 82' lang='lat' dir='ltr'><strong>wenu</strong></span> 
     </span>
     <span class='ocr_line' id='line_1_20' title="bbox 198 3423 1235 3506; baseline 0.001 -32"><span class='ocrx_word' id='word_1_124' title='bbox 198 3423 391 3506; x_wconf 52' lang='grc'><strong>1(11011111131</strong></span> <span class='ocrx_word' id='word_1_125' title='bbox 414 3423 488 3474; x_wconf 78' lang='lat' dir='ltr'><strong>nicht</strong></span> <span class='ocrx_word' id='word_1_126' title='bbox 510 3424 558 3490; x_wconf 73' lang='lat' dir='ltr'><strong>uss</strong></span> <span class='ocrx_word' id='word_1_127' title='bbox 576 3435 661 3484; x_wconf 69' lang='lat' dir='ltr'><strong>ganne</strong></span> <span class='ocrx_word' id='word_1_128' title='bbox 679 3425 813 3480; x_wconf 78' lang='lat' dir='ltr'><strong>Interesse</strong></span> <span class='ocrx_word' id='word_1_129' title='bbox 836 3427 884 3478; x_wconf 79' lang='lat' dir='ltr'><strong>der</strong></span> <span class='ocrx_word' id='word_1_130' title='bbox 906 3426 1113 3483; x_wconf 77' lang='lat' dir='ltr'><strong>unmittclbareu</strong></span> <span class='ocrx_word' id='word_1_131' title='bbox 1131 3426 1235 3486; x_wconf 73' lang='lat' dir='ltr'><strong>degon·</strong></span> 
     </span>
     <span class='ocr_line' id='line_1_21' title="bbox 213 3517 521 3580; baseline -0.01 -11"><span class='ocrx_word' id='word_1_132' title='bbox 213 3519 282 3569; x_wconf 80' lang='lat' dir='ltr'><strong>wart</strong></span> <span class='ocrx_word' id='word_1_133' title='bbox 299 3518 400 3580; x_wconf 66' lang='lat' dir='ltr'><strong>achabi</strong></span> <span class='ocrx_word' id='word_1_134' title='bbox 420 3517 521 3570; x_wconf 68' lang='lat' dir='ltr'><strong>tritten.</strong></span> 
     </span>
    </p>

    <p class='ocr_par' dir='ltr' id='par_1_7' title="bbox 108 3635 1236 4497">
     <span class='ocr_line' id='line_1_22' title="bbox 174 3635 1235 3722; baseline 0 -20"><span class='ocrx_word' id='word_1_135' title='bbox 174 3638 241 3720; x_wconf 83' lang='lat' dir='ltr'><strong>Ego</strong></span> <span class='ocrx_word' id='word_1_136' title='bbox 268 3637 341 3702; x_wconf 91' lang='lat' dir='ltr'><strong>illos</strong></span> <span class='ocrx_word' id='word_1_137' title='bbox 368 3657 479 3702; x_wconf 89' lang='lat' dir='ltr'><strong>versus</strong></span> <span class='ocrx_word' id='word_1_138' title='bbox 512 3635 567 3719; x_wconf 85' lang='lat' dir='ltr'><strong>(sc.</strong></span> <span class='ocrx_word' id='word_1_139' title='bbox 595 3635 864 3722; x_wconf 74' lang='lat' dir='ltr'><strong>Metamorphosis</strong></span> <span class='ocrx_word' id='word_1_140' title='bbox 891 3637 1063 3721; x_wconf 84' lang='lat' dir='ltr'><strong>Leopoldi‚</strong></span> <span class='ocrx_word' id='word_1_141' title='bbox 1096 3635 1235 3702; x_wconf 84' lang='lat' dir='ltr'><strong>Chrono-</strong></span> 
     </span>
     <span class='ocr_line' id='line_1_23' title="bbox 111 3746 1235 3832; baseline -0.002 -18"><span class='ocrx_word' id='word_1_142' title='bbox 111 3748 253 3830; x_wconf 89' lang='lat' dir='ltr'><strong>stichon,</strong></span> <span class='ocrx_word' id='word_1_143' title='bbox 281 3747 512 3832; x_wconf 82' lang='lat' dir='ltr'><strong>Anagramma)</strong></span> <span class='ocrx_word' id='word_1_144' title='bbox 541 3747 718 3831; x_wconf 86' lang='lat' dir='ltr'><strong>exemplari</strong></span> <span class='ocrx_word' id='word_1_145' title='bbox 741 3748 871 3814; x_wconf 84' lang='lat' dir='ltr'><strong>cuidam</strong></span> <span class='ocrx_word' id='word_1_146' title='bbox 895 3747 1132 3828; x_wconf 87' lang='lat' dir='ltr'><strong>„Kaiserlicher</strong></span> <span class='ocrx_word' id='word_1_147' title='bbox 1154 3746 1235 3812; x_wconf 86' lang='lat' dir='ltr'><strong>Con-</strong></span> 
     </span>
     <span class='ocr_line' id='line_1_24' title="bbox 108 3857 1233 3942; baseline -0.001 -19"><span class='ocrx_word' id='word_1_148' title='bbox 108 3859 272 3926; x_wconf 78' lang='lat' dir='ltr'><strong>firmation</strong></span> <span class='ocrx_word' id='word_1_149' title='bbox 300 3859 357 3924; x_wconf 90' lang='lat' dir='ltr'><strong>des</strong></span> <span class='ocrx_word' id='word_1_150' title='bbox 384 3857 673 3924; x_wconf 83' lang='lat' dir='ltr'><strong>Jiiterbockischen</strong></span> <span class='ocrx_word' id='word_1_151' title='bbox 697 3859 882 3942; x_wconf 84' lang='lat' dir='ltr'><strong>Vergleichs</strong></span> <span class='ocrx_word' id='word_1_152' title='bbox 905 3858 971 3923; x_wconf 84' lang='lat' dir='ltr'><strong>dat.</strong></span> <span class='ocrx_word' id='word_1_153' title='bbox 994 3860 1078 3940; x_wconf 85' lang='lat' dir='ltr'><strong>Prag</strong></span> <span class='ocrx_word' id='word_1_154' title='bbox 1106 3858 1134 3923; x_wconf 83' lang='lat'><strong>5.</strong></span> <span class='ocrx_word' id='word_1_155' title='bbox 1157 3857 1233 3922; x_wconf 90' lang='lat' dir='ltr'><strong>Dec.</strong></span> 
     </span>
     <span class='ocr_line' id='line_1_25' title="bbox 113 3965 1235 4054; baseline 0 -20"><span class='ocrx_word' id='word_1_156' title='bbox 113 3971 213 4034; x_wconf 79' lang='lat' dir='ltr'><strong>lorr‘</strong></span> <span class='ocrx_word' id='word_1_157' title='bbox 232 3969 275 4036; x_wconf 86' lang='lat' dir='ltr'><strong>ad</strong></span> <span class='ocrx_word' id='word_1_158' title='bbox 289 3969 450 4054; x_wconf 86' lang='lat' dir='ltr'><strong>principes</strong></span> <span class='ocrx_word' id='word_1_159' title='bbox 467 3969 661 4034; x_wconf 85' lang='lat' dir='ltr'><strong>Anhaltinos</strong></span> <span class='ocrx_word' id='word_1_160' title='bbox 675 3969 774 4034; x_wconf 89' lang='lat' dir='ltr'><strong>misso</strong></span> <span class='ocrx_word' id='word_1_161' title='bbox 798 3969 979 4054; x_wconf 83' lang='lat' dir='ltr'><strong>adscriptos</strong></span> <span class='ocrx_word' id='word_1_162' title='bbox 1000 3969 1115 4034; x_wconf 85' lang='lat' dir='ltr'><strong>inveni.</strong></span> <span class='ocrx_word' id='word_1_163' title='bbox 1142 3965 1235 4036; x_wconf 91' lang='lat' dir='ltr'><strong>Unde</strong></span> 
     </span>
     <span class='ocr_line' id='line_1_26' title="bbox 109 4079 1236 4166; baseline -0.002 -20"><span class='ocrx_word' id='word_1_164' title='bbox 109 4087 203 4166; x_wconf 85' lang='lat' dir='ltr'><strong>putet</strong></span> <span class='ocrx_word' id='word_1_165' title='bbox 224 4080 282 4148; x_wconf 87' lang='lat' dir='ltr'><strong>hos</strong></span> <span class='ocrx_word' id='word_1_166' title='bbox 305 4101 415 4144; x_wconf 86' lang='lat' dir='ltr'><strong>versus</strong></span> <span class='ocrx_word' id='word_1_167' title='bbox 446 4099 495 4144; x_wconf 89' lang='lat' dir='ltr'><strong>ao.</strong></span> <span class='ocrx_word' id='word_1_168' title='bbox 520 4080 599 4144; x_wconf 88' lang='grc'>1611</span> <span class='ocrx_word' id='word_1_169' title='bbox 621 4079 690 4164; x_wconf 89' lang='lat' dir='ltr'><strong>jam</strong></span> <span class='ocrx_word' id='word_1_170' title='bbox 719 4080 856 4163; x_wconf 86' lang='lat' dir='ltr'><strong>scriptos</strong></span> <span class='ocrx_word' id='word_1_171' title='bbox 878 4080 987 4146; x_wconf 89' lang='lat' dir='ltr'><strong>fuisse.</strong></span> <span class='ocrx_word' id='word_1_172' title='bbox 1030 4079 1117 4148; x_wconf 87' lang='lat' dir='ltr'><strong>Fieri</strong></span> <span class='ocrx_word' id='word_1_173' title='bbox 1137 4081 1236 4164; x_wconf 86' lang='lat' dir='ltr'><strong>igitur</strong></span> 
     </span>
     <span class='ocr_line' id='line_1_27' title="bbox 110 4189 1235 4275; baseline -0.002 -19"><span class='ocrx_word' id='word_1_174' title='bbox 110 4193 218 4275; x_wconf 87' lang='lat' dir='ltr'><strong>potuit</strong></span> <span class='ocrx_word' id='word_1_175' title='bbox 239 4197 275 4258; x_wconf 88' lang='lat' dir='ltr'><strong>ut</strong></span> <span class='ocrx_word' id='word_1_176' title='bbox 297 4195 361 4257; x_wconf 86' lang='lat' dir='ltr'><strong>sec.</strong></span> <span class='ocrx_word' id='word_1_177' title='bbox 376 4189 477 4254; x_wconf 88' lang='lat' dir='ltr'>XVII.</span> <span class='ocrx_word' id='word_1_178' title='bbox 497 4189 628 4256; x_wconf 87' lang='lat' dir='ltr'><strong>ineunte</strong></span> <span class='ocrx_word' id='word_1_179' title='bbox 649 4192 683 4254; x_wconf 91' lang='lat' dir='ltr'><strong>in</strong></span> <span class='ocrx_word' id='word_1_180' title='bbox 706 4191 815 4256; x_wconf 90' lang='lat' dir='ltr'><strong>codice</strong></span> <span class='ocrx_word' id='word_1_181' title='bbox 831 4192 971 4274; x_wconf 87' lang='lat' dir='ltr'><strong>quodam</strong></span> <span class='ocrx_word' id='word_1_182' title='bbox 993 4192 1235 4271; x_wconf 84' lang='lat' dir='ltr'><strong>reiterarentur‚</strong></span> 
     </span>
     <span class='ocr_line' id='line_1_28' title="bbox 111 4301 1236 4386; baseline -0.003 -18"><span class='ocrx_word' id='word_1_183' title='bbox 111 4325 149 4369; x_wconf 92' lang='lat' dir='ltr'><strong>eo</strong></span> <span class='ocrx_word' id='word_1_184' title='bbox 177 4324 220 4368; x_wconf 89' lang='lat' dir='ltr'><strong>sc.</strong></span> <span class='ocrx_word' id='word_1_185' title='bbox 247 4310 393 4386; x_wconf 85' lang='lat' dir='ltr'><strong>ternpore</strong></span> <span class='ocrx_word' id='word_1_186' title='bbox 422 4321 486 4383; x_wconf 92' lang='lat' dir='ltr'><strong>quo</strong></span> <span class='ocrx_word' id='word_1_187' title='bbox 517 4301 623 4382; x_wconf 86' lang='lat' dir='ltr'><strong>„diese</strong></span> <span class='ocrx_word' id='word_1_188' title='bbox 651 4301 753 4384; x_wconf 83' lang='lat' dir='ltr'><strong>Diuge</strong></span> <span class='ocrx_word' id='word_1_189' title='bbox 781 4301 840 4368; x_wconf 88' lang='lat' dir='ltr'><strong>das</strong></span> <span class='ocrx_word' id='word_1_190' title='bbox 867 4321 966 4385; x_wconf 80' lang='lat' dir='ltr'><strong>ganne</strong></span> <span class='ocrx_word' id='word_1_191' title='bbox 989 4304 1149 4368; x_wconf 87' lang='lat' dir='ltr'><strong>Interesse</strong></span> <span class='ocrx_word' id='word_1_192' title='bbox 1178 4301 1236 4366; x_wconf 88' lang='lat' dir='ltr'><strong>der</strong></span> 
     </span>
     <span class='ocr_line' id='line_1_29' title="bbox 111 4411 777 4497; baseline -0.003 -18"><span class='ocrx_word' id='word_1_193' title='bbox 111 4413 366 4480; x_wconf 87' lang='lat' dir='ltr'><strong>unmittelbaren</strong></span> <span class='ocrx_word' id='word_1_194' title='bbox 389 4411 582 4496; x_wconf 81' lang='lat' dir='ltr'><strong>Gegenwnrt</strong></span> <span class='ocrx_word' id='word_1_195' title='bbox 606 4413 777 4497; x_wconf 82' lang='lat' dir='ltr'><strong>(hatten).“</strong></span> 
     </span>
    </p>
   </div>
   <div class='ocr_carea' id='block_1_4' title="bbox 0 0 1511 5032">
    <p class='ocr_par' dir='ltr' id='par_1_8' title="bbox 0 0 1511 5032">
     <span class='ocr_line' id='line_1_30' title="bbox 0 0 1511 5032; baseline 0 0"><span class='ocrx_word' id='word_1_196' title='bbox 0 0 1511 5032; x_wconf 95' lang='lat' dir='ltr'><strong> </strong></span> 
     </span>
    </p>
   </div>
  </div>
 </body>
</html>
