3050 5038
556 337 766 400 ..55-

172 522 232 590 cni
252 523 352 590 etiam
374 525 558 592 Fridericus
584 527 706 591 elector
727 526 895 592 Palatinus
923 532 957 592 et
978 527 1145 612 Philippus
1168 529 1231 594 Lu-

104 633 254 717 dovicus,
282 635 464 720 wolfgangi
488 641 599 720 pater,
631 637 759 702 litteras
786 637 902 721 quibus
936 639 1052 704 eadem
1083 639 1230 722 orabant,

103 745 274 812 dederant

172 857 262 936 Quae
283 877 500 924 memoramus
521 879 564 923 ne
586 859 658 943 quis
681 860 855 926 Ernestum
877 860 1112 942 marchionem,
1142 861 1230 945 qnod

104 973 224 1034 contra
243 968 453 1034 voluntatem
465 975 500 1034 et
520 969 633 1036 Annae
655 976 699 1052 et,
721 975 759 1035 ιιι
780 976 933 1054 apparet,
955 971 1057 1056 ipsius
1080 971 1230 1039 electoris

104 1103 181 1146 cum
202 1079 391 1164 wolfgango
414 1080 575 1147 Guilelmo
605 1103 737 1148 causam
766 1082 934 1166 transegit,
960 1083 1131 1167 vituperet.
1179 1083 1229 1148 De

107 1213 172 1277 qua
194 1191 383 1258 Mauritium
404 1191 591 1258 landionem
620 1193 741 1276 optime
771 1193 922 1258 meritum
946 1214 1032 1275 esse,
1060 1215 1158 1279 quum
1180 1217 1231 1260 or·

109 1303 201 1368 dines
224 1301 361 1368 ducatus
382 1309 453 1368 tum
474 1324 586 1370 omnes
609 1303 803 1370 Germaniae
825 1304 987 1389 principes
1010 1309 1044 1370 et
1065 1327 1158 1390 reges
1181 1327 1231 1372 so-

109 1414 150 1479 cii
172 1412 495 1494 collaudaverunt.⁶⁵)

171 1525 346 1592 Mauritius
368 1525 455 1590 enirn
474 1525 649 1603 intellexit,
676 1527 774 1592 terris
802 1547 927 1592 summo
956 1527 1092 1610 imperio
1121 1528 1231 1593 vacuis

106 1637 255 1705 dominos
276 1634 461 1702 reddendos
484 1657 564 1718 esse,
585 1637 944 1721 reconciliationemque
966 1639 1056 1722 prius
1076 1659 1231 1723 peragen-

105 1748 186 1814 dam
213 1768 284 1814 esse
311 1769 410 1833 quam
437 1754 606 1832 sequester
634 1749 829 1814 mitteretur.
837 1749 875 1832 86)
918 1749 1033 1833 Itaque
1061 1749 1092 1816 d.
1121 1749 1170 1814 l'l.
1198 1753 1232 1814 et

107 1859 159 1926 18.
181 1879 224 1926 m.
246 1859 328 1942 Maji
347 1859 642 1926 reconciliationem
669 1860 847 1944 proposuit.
889 1860 937 1925 Aa
966 1860 1113 1944 profecto
1139 1865 1233 1926 tanta

103 1969 196 2036 illius
221 1969 255 2034 in
278 1969 375 2036 rebus
403 1970 631 2054 componendis
659 1971 721 2036 luit
750 1969 926 2053 industria,
953 1978 991 2037 ιιι
1020 1991 1104 2055 quae
1127 1969 1158 2036 d.
1180 1969 1232 2040 22.

103 2103 148 2146 m.
178 2080 260 2166 Maji
285 2079 477 2164 Homburgii
504 2085 619 2165 (prope
649 2081 744 2165 Sigen
769 2081 895 2162 urbem)
924 2081 1106 2165 proposuit,
1133 2101 1232 2165 quum

103 2193 270 2280 principes
288 2192 376 2258 inter
390 2212 425 2258 se
441 2190 661 2258 obtrectantes
675 2189 943 2276 frustrassent,⁶⁷)
966 2190 1009 2256 ad
1031 2190 1061 2257 d.
1078 2191 1128 2257 27.
1143 2211 1232 2256 men-

104 2305 152 2370 sis
168 2301 317 2388 ejusdem
336 2303 454 2370 iterum
477 2323 532 2370 eos
547 2301 795 2370 Dortmundiam
809 2303 843 2368 in
857 2302 971 2368 urbem
991 2302 1156 2369 invitaret.

107 2571 166 2621 ihre
185 2571 204 2621 t
223 2581 249 2630 g.
268 2569 398 2620 emucnen
414 2570 511 2635 lassen,
530 2569 586 2621 sich
604 2570 697 2620 diesen
716 2569 821 2620 sacher
838 2567 963 2630 gnidigst
980 2569 1163 2618 anaunenrnen
1180 2569 1233 2618 und

111 2665 152 2714 die
170 2663 259 2716 frirstl.
277 2663 384 2716 Horren
400 2663 551 2728 partheyen
569 2663 717 2724 tergeatur
733 2664 781 2714 mit
799 2662 927 2713 einander
944 2677 978 2713 au
990 2661 1169 2726 rerglelchen,
1188 2661 1233 2709 da·

108 2759 156 2809 nsit
173 2758 218 2808 die
235 2758 330 2808 Laude
348 2759 376 2810 in
394 2758 479 2810 triede
496 2758 551 2810 und
568 2759 634 2808 rnhe
652 2757 815 2810 rerbleiben.

177 2851 211 2915 ⁶⁵)
229 2853 363 2914 principes
381 2853 431 2914 ipsi
449 2852 539 2904 dicum
556 2853 584 2902 in
602 2852 705 2916 scripto
729 2852 782 2902 def.
804 2863 834 2902 se
856 2851 1041 2902 reconciliatos
1063 2861 1123 2902 esse
1149 2849 1233 2914 ,nach

106 2945 273 3006 vielraltiger
295 2948 404 2998 starker
427 2946 481 2997 und
498 2947 621 3011 eytrigen
638 2946 795 3006 Bemiihnng
819 2946 1016 3006 hochrseacnts
1038 2945 1127 2995 Herm
1144 2943 1233 2994 Land-

108 3041 244 3102 gratans!

155 3169 159 3178 .
177 3131 212 3194 66)
230 3133 301 3198 quod
317 3133 399 3184 tradit
411 3133 543 3184 volradus
560 3134 594 3183 de
607 3133 717 3184 Plesseu
734 3134 762 3184 in
780 3132 894 3196 epistola
911 3133 945 3182 ad
957 3131 1018 3184 Jon
1032 3130 1166 3194 (lectrum
1178 3129 1233 3182 An·

107 3229 260 3280 haltenrem
271 3228 352 3280 Areh.
370 3227 438 3279 Aah.
457 3227 534 3280 Dese.

178 3320 213 3385 67)
225 3322 351 3386 Quamvis
368 3323 502 3384 pnncipes
519 3321 676 3383 Homburgii
693 3335 746 3372 non
763 3335 871 3384 prorsus
889 3319 1053 3372 reconciliati
1071 3320 1172 3384 essent,
1196 3320 1235 3369 ta·

107 3429 173 3469 men
189 3428 234 3468 res
252 3429 284 3468 eo
302 3418 432 3480 processit
453 3419 483 3468 ut
498 3417 646 3481 principes,
668 3418 745 3477 pacto
770 3442 801 3452 -
825 3415 909 3478 quod
932 3415 998 3478 ipsi
1020 3414 1234 3474 subscripse-

108 3512 187 3564 runt
205 3537 236 3550 ·-
259 3513 284 3561 d.
309 3519 350 3563 aa.
367 3525 403 3562 m.
420 3512 456 3564 lt.
479 3509 524 3576 (st.
547 3511 609 3572 ret.)
632 3511 788 3574 sanxerunt,
811 3511 840 3560 ut
861 3509 886 3559 d.
911 3514 952 3561 ιι.
974 3506 1145 3559 'trutmoniae
1167 3517 1235 3556 nors

108 3605 229 3658 Mauritii
246 3607 382 3668 proposita
398 3607 550 3668 perattente
573 3605 708 3655 audirent:
732 3604 801 3667 „und
823 3616 865 3652 wo
887 3603 1018 3653 mandor
1040 3600 1145 3651 Sachen
1168 3599 1235 3650 iiber

110 3700 263 3752 auversicht
283 3702 314 3763 ja
339 3701 413 3751 nicht
430 3699 576 3761 allerdings
593 3699 662 3750 wird
680 3698 753 3760 einig
770 3698 880 3748 werden
896 3697 1017 3761 konnen,
1039 3694 1108 3746 doch
1129 3693 1235 3744 seruit·

110 3795 176 3845 telst
192 3793 337 3856 gittlieher
354 3794 431 3844 Hiiltf
451 3795 504 3844 und
522 3793 653 3858 heystand
675 3791 731 3842 sich
756 3792 830 3842 eines
852 3792 960 3844 solchen
982 3789 1101 3840 interime
1122 3787 1235 3849 verrlai-

110 3890 195 3942 chen:
212 3889 266 3938 wie
283 3887 356 3940 salvo
374 3888 510 3951 uniusque
528 3887 612 3950 partie
627 3888 688 3949 jure
711 3887 767 3935 tam
789 3885 817 3936 in
838 3885 1000 3948 possessorio
1023 3896 1101 3948 quarn
1124 3884 1152 3934 in
1169 3881 1236 3944 peti·

110 3983 181 4034 torio
199 3982 358 4034 vermittelst
380 3983 434 4032 und
456 3982 510 4033 bias
529 3997 562 4034 zu
581 3981 746 4032 anderwerts
769 3979 870 4042 g'u'tlich
895 3980 961 4030 oder
984 3977 1149 4030 rechtlichen
1169 3975 1236 4027 dus·

110 4079 174 4138 trag
197 4077 286 4127 dieser
308 4077 406 4127 sacher
427 4077 514 4126 nichts
538 4075 734 4135 destoweniger
762 4074 805 4124 die
832 4074 911 4124 lande
934 4075 982 4122 der
1004 4067 1114 4124 Gebiihr'
1136 4069 1237 4129 regiert

111 4172 167 4224 und
185 4173 240 4222 also
259 4171 378 4223 dieselbe
397 4171 552 4232 Regieruug
570 4171 596 4219 in
615 4171 663 4220 der
680 4169 777 4218 herren
799 4168 949 4232 partheyen
970 4166 1057 4218 hande
1080 4162 1236 4214 rerbleibeu

111 4266 200 4326 miae.
235 4267 347 4330 Derbcy
368 4267 438 4316 donn
456 4265 525 4315 anch
542 4257 889 4328 ausdriiclslich‘abgeredt,
911 4261 979 4312 anch
997 4257 1130 4310 allerseits
1147 4257 1236 4318 einge-

112 4361 241 4426 williget,
264 4361 394 4422 augesagt
411 4359 464 4411 und
482 4358 660 4420 versproehen
678 4358 801 4421 worden,
825 4357 874 4406 das
895 4354 1055 4407 vermittelrt
1072 4352 1164 4402 aeder
1186 4363 1237 4402 ron

114 4455 202 4508 ciuem
228 4455 294 4510 oder
319 4455 380 4508 dem
398 4454 500 4507 andern
517 4452 584 4504 thail
602 4453 714 4503 ichtwss
731 4452 780 4502 soll
803 4449 925 4502 attentirt
948 4449 1013 4500 oder
1035 4448 1069 4499 de
1091 4448 1161 4500 acto
1179 4458 1237 4499 ror·
