2982 5032
723 277 955 344 -1ca-

578 578 625 645 De
643 580 772 646 ratione
793 575 926 661 politica
948 579 1115 646 Saxonum.

631 695 677 766 De
697 700 896 766 tractatione
917 697 1057 766 Hellana.

347 828 386 897 Id
408 833 493 898 enim
515 833 718 916 potissimum
734 835 900 916 agebatur,
924 839 959 899 ut
974 826 1174 898 Christianus
1197 824 1329 896 elector
1344 852 1408 912 pro

284 942 460 1024 biberetur,
484 945 653 1027 quominus
677 949 710 1009 et
725 945 863 1027 Pragam
886 945 928 1010 ad
949 946 1179 1027 imperatorem
1195 943 1263 1006 iter
1280 942 1409 1020 faceret,

284 1061 318 1120 et
340 1073 472 1120 causam
494 1053 655 1120 Juliacam
678 1055 868 1138 imperatori
891 1057 1023 1139 ejusque
1042 1053 1205 1138 judicibus
1229 1049 1409 1135 dijudican-

284 1165 361 1231 dam
384 1165 609 1230 committeret.

347 1271 473 1340 Eadem
500 1276 660 1360 principes
690 1273 824 1343 Unionis
862 1275 903 1342 ab
939 1276 1077 1340 electore
1103 1255 1409 1358 deprecabanturi)

285 1407 344 1470 per
366 1383 537 1468 epistolam
564 1383 682 1451 Hallae
711 1387 832 1452 datam.
877 1373 1141 1470 subscripserunt
1169 1384 1300 1449 elector
1323 1378 1408 1447 Pala·

283 1498 384 1578 tinus,
418 1496 622 1561 marchiones
655 1496 916 1562 Culmbaohensis
950 1504 983 1562 et
1018 1495 1277 1580 Anspachensis',
1319 1491 1408 1558 duces

283 1605 626 1689 Wuertembergensis,
649 1606 817 1688 Badensis,
840 1609 989 1691 princeps
1011 1605 1273 1689 Anhaltensis.¹³)

349 1717 497 1798 Sensunt,
521 1717 737 1796 Christianum
766 1717 808 1783 ad
830 1719 894 1783 iter
916 1725 1110 1784 commotum
1138 1739 1208 1783 esse
1235 1737 1302 1803 per
1328 1733 1406 1781 asse·

285 1827 353 1893 clas
376 1825 535 1911 quosdam
557 1849 673 1912 papae,
697 1829 752 1912 qui
774 1827 853 1893 nihil
876 1830 1038 1912 antiquius
1052 1817 1227 1908 habebant,
1253 1847 1357 1912 quarn
1378 1827 1408 1888 ut

284 1937 445 2022 principes
469 1937 679 2021 Evangelicos
702 1941 824 2005 mutuis
847 1936 1021 2004 inimicitiis
1044 1939 1274 2004 distraherent.
1370 1933 1373 1938 ’

348 2049 387 2116 D.
419 2049 467 2115 16.
495 2039 552 2115 m.¹
568 2049 661 2115 Febr.
688 2047 885 2134 Bongarsius
913 2048 1042 2115 Henrici
1069 2051 1196 2133 legatus
1224 2047 1349 2114 Hallae
1370 2043 1406 2110 ad
1463 2125 1465 2142 ι

285 2161 458 2226 electorem
480 2159 607 2227 litteras
624 2161 724 2243 dedit,
748 2163 863 2247 quibus
878 2161 1029 2246 proponit
1047 2159 1306 2242 „controversias
1330 2175 1404 2222 com·
1464 2187 1465 2222 c

284 2265 415 2336 mittere
437 2273 562 2354 potius,
591 2293 689 2354 qnam
704 2273 789 2338 viam
811 2269 902 2338 illam
923 2271 1090 2355 persequi,
1122 2268 1221 2356 quam
1243 2271 1402 2354 ingressos

285 2401 320 2444 ae
343 2381 410 2444 suis
432 2379 550 2443 litteris
574 2381 696 2445 elector
719 2389 752 2446 et
767 2377 873 2448 Duces
897 2381 1055 2448 Senoniae
1072 2382 1248 2462 fateantur,
1272 2381 1402 2462 longam,

286 2489 453 2568 incertam,
475 2487 701 2571 periculosam,
725 2513 808 2576 quae
828 2491 964 2576 perdere
979 2494 1123 2575 ipsoru'r‘n
1138 2488 1300 2557 familiam
1316 2487 1401 2556 alios·

287 2617 349 2681 que
376 2599 477 2681 ipsius
506 2608 658 2682 cognatos
687 2607 721 2666 et
741 2601 934 2668 'subvertere
956 2601 1126 2685 imperium
1148 2604 1281 2686 possit.“
1295 2596 1332 2679 1⁹)

350 2707 504 2772 Similiter
543 2709 743 2777 Christianus
779 2709 1070 2792 Baireuthensis²⁰)
1120 2704 1297 2780 Joannem'
1312 2707 1400 2793 Sigis-

286 2815 440 2881 mundum
463 2817 669 2901 sollicitabat,
692 2829 729 2887 ut
753 2845 824 2888 curn
848 2821 1028 2890 Senonibus
1052 2831 1172 2906 ageret.

286 3004 488 3016 c—----..——-

353 3121 387 3186 1⁷)
405 3124 512 3184 Rogant
530 3125 671 3176 electorem
693 3127 816 3188 [epistola
834 3129 929 3179 Hallae
948 3129 973 3179 d.
993 3135 1032 3180 10.
1051 3143 1086 3180 m.
1104 3129 1166 3180 Jan.
1186 3136 1251 3182 1610
1271 3125 1356 3192 catal:
1371 3124 1398 3173 cb

286 3214 325 3264 sie
347 3215 394 3264 Ihr
416 3216 514 3265 wellen
536 3218 647 3278 getellig
674 3220 731 3270 sein
756 3221 845 3271 lescen
868 3222 957 3273 solche
979 3224 1043 3273 dero
1068 3223 1287 3284 firgenonrmene
1309 3223 1397 3283 Rcysse

287 3307 430 3357 besonders
458 3309 523 3358 aber
549 3311 659 3372 besagte
682 3313 854 3366 Commission
882 3316 935 3365 und
957 3315 1014 3366 Hos
1033 3317 1145 3370 Process
1172 3331 1206 3370 zu
1229 3315 1395 3380 suspendirer.

286 3399 365 3450 Aron.
383 3399 451 3450 Aah.
470 3396 550 3452 Dece
612 3415 615 3425 ·

353 3490 387 3553 1⁸)
405 3491 523 3544 Marchio
541 3492 670 3549 Badensie
692 3500 749 3560 ipse
772 3511 830 3551 cam
849 3501 1076 3554 vicecancellarto
1095 3497 1356 3567 Wuertembergcnd
1373 3497 1395 3545 11
1459 3481 1460 3502 ;

287 3583 427 3635 saxoniam
450 3587 588 3648 debeatne
610 3593 658 3641 est.
694 3593 779 3653 Quem
801 3595 826 3644 d.
845 3598 886 3645 aa.
904 3605 938 3645 m.
957 3593 1035 3648 liert.
1057 3599 1227 3660 sconaugia
1249 3594 1394 3650 choenica

287 3690 320 3726 ex
337 3679 464 3730 relatione
483 3682 595 3742 quadam
614 3684 783 3744 Ooburgiana
807 3688 832 3737 d.
851 3694 874 3738 6.
893 3703 927 3738 m.
946 3689 1010 3750 hpr.
1034 3691 1105 3740 facta
1127 3691 1295 3754 intelligitur.
1328 3683 1392 3740 hiel·
1458 3731 1459 3742 .

286 3763 354 3818 Aah
371 3765 447 3822 Dese.

354 3851 393 3922 1⁹)
405 3863 450 3912 Lit
439 3865 522 3915 tteras
539 3867 679 3928 Bongarsii
702 3873 789 3923 inveni
811 3873 837 3921 in
859 3873 983 3926 Archivio
1007 3877 1076 3926 Anh.
1095 3878 1171 3929 Dese.
1194 3880 1226 3929 In
1248 3881 1301 3930 fine
1311 3878 1391 3929 cariffi

286 3954 420 4013 legantur:
450 3949 508 4016 nco
531 3959 646 4010 Galliam
671 3964 832 4029 repeto,-
855 3966 963 4018 Portum
991 3971 1019 4018 et
1041 3971 1157 4086 quietem
1180 3965 1270 4034 bbglto
1292 3963 1391 4032 negociit

287 4045 405 4096 detersus
422 4049 474 4098 et
465 4049 500 4099 ris
515 4049 571 4109 tam
589 4062 680 4114 angor.

355 4135 390 4202 ²⁰)
409 4140 476 4190 Eum
495 4147 650 4222 conventum
667 4149 806 4199 Hoflanum
824 4153 937 4204 maxime
960 4164 1073 4220 curetes,
1098 4171 1131 4210 ex
1153 4161 1267 4222 epistola
1288 4147 1391 4212 clecicfll

289 4225 412 4279 saxonici
431 4235 464 4282 ad
482 4234 613 4287 Unionem
631 4239 797 4302 intelligitur.
816 4245 896 4295 Arch.
914 4247 982 4297 Anh.
1000 4249 1077 4301 Desa.
1096 4253 1137 4302 Ex
1155 4259 1208 4316 qua
1226 4247 1335 4315 eplstola
1349 4243 1388 4297 ⁰⁰1·

288 4318 336 4379 ligi
353 4323 447 4389 potest,
466 4329 568 4388 quando
587 4329 643 4380 sere
662 4337 804 4386 conventus
821 4337 947 4391 Hoflanus
965 4343 1050 4394 tactus
1068 4345 1112 4397 sit.
1138 4347 1211 4398 Data
1229 4350 1271 4400 est
1288 4340 1388 4399 orestae
