2980 5040
548 289 756 358 ..¹25-

95 483 353 550 confirmaretur.
412 482 501 559 Quae
530 501 634 564 nuper
661 478 758 545 modo
786 499 840 544 ecs
870 501 891 544 a
920 475 1059 544 Caesare
1083 477 1215 560 petiisse

95 595 261 679 principes
282 615 347 660 non
368 593 554 658 nescierunt
561 591 609 676 ⁴³).

160 704 332 770 Timebant
361 703 446 768 enim
472 724 513 768 ne
540 702 595 787 qui
618 725 638 767 a
660 700 849 766 consiliariis
872 701 915 766 ad
937 700 1109 766 Gaesarem
1131 700 1215 765 dele-

90 821 252 900 garentur
272 815 400 898 iniquas
421 814 631 898 implorarent
644 833 706 878 res.
729 811 813 876 Vero
829 813 914 876 enim
935 831 1010 876 vero
1030 811 1216 876 inimicitiae

91 926 355 992 consiliariorum
389 923 659 990 Interessentibus
706 941 744 988 eo
787 923 894 1006 potius
937 922 1017 986 nihil
1048 921 1215 1002 nocebant,

93 1036 187 1120 quod
209 1041 283 1100 rata
305 1055 414 1100 eorum
435 1055 499 1100 non
520 1035 652 1118 majoris
673 1033 852 1098 incolarum
873 1033 976 1116 partis
993 1012 1217 1116 repraesenta-

94 1146 181 1211 bant
201 1145 408 1212 voluntatem.

162 1255 265 1320 Multo
286 1257 392 1340 majus
410 1275 486 1321 vero
512 1255 740 1320 detrimentum
761 1256 859 1322 rebus
881 1256 923 1322 ab
946 1255 1216 1322 Interessentibus

93 1367 175 1450 ipsis
202 1367 414 1450 importatum
441 1361 509 1432 est.⁵
545 1366 662 1445 Quales
689 1365 904 1433 dissensiones
931 1389 981 1432 ao.
1006 1366 1085 1432 1591
1108 1385 1217 1432 rerum

93 1483 246 1542 eventum
268 1498 333 1542 non
354 1477 435 1542 nihil
453 1477 675 1558 turbaverant,
696 1478 781 1544 tales
796 1499 837 1543 ne
851 1478 912 1543 hoc
928 1478 1058 1562 quidem
1072 1483 1217 1562 tempore

93 1587 261 1672 sepositae
282 1592 366 1654 sunt.
410 1588 511 1666 Quem
533 1588 778 1672 Bra'ndenburgi
805 1609 865 1673 pro
890 1589 1007 1672 legatis
1037 1589 1079 1655 ad
1101 1587 1217 1654 Caesa-

93 1719 165 1763 rem
199 1697 367 1764 mittendis
400 1701 655 1784 composuissent
687 1699 845 1782 libellum,
879 1720 914 1764 se
946 1697 1108 1766 nonnullis
1139 1695 1217 1764 loeis

96 1808 309 1893 comprobare
331 1831 394 1874 non
415 1829 520 1894 posse,
543 1809 710 1896 Philippus
732 1811 912 1878 Ludovicus
935 1810 1045 1876 edixit.

160 1920 269 1986 Primo
290 1920 377 1986 enim
399 1919 675 1988 domoPalatinae
701 1929 875 2008 „perpetuo
897 1921 1115 2008 praejudicio“
1139 1921 1218 2002 fore,

98 2031 127 2094 si
152 2031 187 2094 in
212 2031 322 2096 libello
350 2031 506 2116 Georgius
532 2032 729 2114 blidericus,
764 2035 819 2118 qui
841 2033 987 2114 Marchio
1013 2039 1112 2114 esset,
1146 2033 1219 2098 Phi-

98 2140 188 2224 lippo
209 2140 383 2222 Ludovico‚
412 2143 468 2226 qni
489 2143 693 2209 Palatinatns
720 2144 883 2208 frueretur
910 2145 1098 2224 honoribus,
1129 2151 1219 2209 ante-

8 2281 9 2286 *
97 2256 287 2334 poneretur:
311 2251 427 2317 deinde
449 2254 549 2320 verba
570 2255 670 2320 totius
692 2255 794 2320 libelli
815 2275 879 2319 non
901 2255 982 2320 satis
1003 2255 1085 2320 mita
1100 2275 1170 2320 esse
1186 2259 1219 2320 et

96 2367 208 2426 cautm
230 2364 522 2452 praetermittenda
545 2373 616 2432 es'se
639 2385 722 2450 quae
745 2365 785 2429 de
808 2365 986 2430 animorum
1000 2364 1218 2449 indignatione

96 2478 196 2556 atque
218 2473 259 2538 de
280 2474 402 2558 injusto
427 2495 557 2541 recessu
568 2477 690 2561 scripta
707 2482 830 2542 essent:
853 2476 991 2560 denique
1013 2497 1053 2540 ne
1071 2475 1220 2542 dicerent

97 2583 257 2668 principes
279 2590 400 2667 quanto
422 2585 498 2650 odio
519 2588 811 2652 commissariorum
825 2587 1003 2669 legationes
1017 2587 1219 2668 tulissentsst.

160 2695 272 2778 Neque
295 2695 407 2761 dubito
430 2697 507 2778 quin
528 2696 644 2762 intima
664 2697 818 2762 Ludovici
839 2696 1009 2762 verborum
1031 2699 1087 2782 qui
1109 2700 1219 2784 exqui-

96 2803 155 2882 rit,
186 2805 226 2870 iis
255 2811 361 2872 metus
394 2807 525 2890 quidam
553 2807 875 2891 brandenburgomm
912 2807 955 2873 ad
985 2810 1219 2882 successionem

96 2916 151 2998 qui
178 2915 340 2982 attinebat
367 2917 523 2997 buturum,
554 2918 688 2984 infuisse
716 2919 902 3002 perspiciat.
953 2921 1107 3004 Exposuit
1134 2922 1219 2986 enim

95 3025 289 3108 hardericus,
322 3047 364 3092 ne
392 3027 637 3110 Brandenburgi
667 3028 754 3111 apud
784 3027 956 3094 Caesarem
986 3030 1052 3096 clia
1082 3029 1220 3096 efferant

66 3135 217 3222 scripte
246 3158 343 3222 quam
380 3157 421 3203 ee
453 3159 540 3222 quae
567 3155 679 3204 omnes
708 3138 942 3204 Interessentes
973 3141 1218 3224 composuerint.

96 3247 194 3328 Ques,
216 3247 322 3329 credo,
345 3249 551 3332 scripserunt,
576 3269 675 3334 quum
690 3251 852 3331 timerent,
873 3271 914 3315 ne
929 3251 1218 3336 Brandenburgi⁴')

163 3433 197 3498 ⁴⁵)
216 3437 264 3486 cir.
277 3435 454 3498 Senkenberg
471 3435 488 3486 1.
507 3450 576 3486 nom.
588 3437 698 3488 Wolten
715 3451 764 3488 uns
780 3438 927 3488 derhalben
943 3439 1080 3500 penteres
1091 3440 1144 3489 nnd
1162 3453 1218 3491 ver·

96 3529 179 3580 senen
195 3529 259 3581 linc
274 3531 344 3594 Ray.
362 3531 444 3594 Mart.
467 3531 578 3582 werden
599 3531 656 3582 siet
678 3531 752 3582 nieht
774 3533 905 3593 beregen
927 3533 1015 3584 tasson
1039 3533 1066 3582 in
1089 3532 1133 3582 die
1151 3535 1219 3586 noct

96 3623 203 3674 nenlich
225 3635 277 3678 rou
298 3625 351 3674 deu
367 3623 474 3676 Ritten
495 3624 624 3686 assumto
641 3624 832 3676 Ooaflrmadou
852 3627 976 3678 berurtes
995 3626 1096 3676 Recens
1117 3639 1150 3676 nu
1173 3629 1218 3678 be·

96 3717 222 3780 witiges,
240 3717 354 3768 sondern
366 3717 514 3779 diesclhioee
526 3718 669 3780 vemtflen
680 3732 760 3770 nmer
771 3719 871 3782 Jiingst
882 3735 942 3772 rum
952 3720 1031 3772 Theti
1043 3720 1070 3770 in
1083 3720 1219 3772 schriiiten

97 3811 149 3864 md
167 3823 227 3862 enm
245 3811 312 3860 theil
329 3813 413 3864 durch
430 3811 583 3872 Schtcknng
601 3813 788 3864 beschehenen
806 3815 936 3866 eranciren
947 3812 1147 3876 Ailemiiiget
1164 3815 1218 3866 ein-

97 3905 205 3972 stslien,
228 3904 281 3956 vici
304 3905 424 3968 weniger
447 3907 513 3956 aber
536 3906 653 3967 gement
675 3905 732 3956 sein
754 3921 803 3958 uns
825 3921 875 3959 von
893 3907 1049 3969 Bestellnnss
1071 3908 1118 3960 rici
1138 3908 1218 3970 liest-

96 3999 181 4050 nents
199 4035 279 4050 .....
298 3997 434 4060 girantes
450 3999 678 4052 aussnschliessen
695 4001 761 4052 oder
779 4015 813 4052 ιι
830 4002 989 4064 praeterire.

163 4091 198 4156 ⁴⁶)
216 4091 334 4144 Palatini
351 4092 457 4144 litterae
474 4093 643 4146 inveniuntur
660 4094 732 4155 apud
748 4095 940 4146 Haebertinnrn
958 4097 1016 4146 loco
1034 4108 1102 4146 nom.

98 4188 101 4194 '
162 4184 195 4249 ⁴7)
213 4187 331 4238 ioannes
349 4185 480 4246 deorum
503 4187 538 4236 ad
560 4187 643 4239 unum
666 4187 833 4240 Jeachimnm
850 4189 1016 4240 Fridericnm
1038 4187 1142 4240 sentit:
1162 4189 1217 4240 witi

97 4281 160 4332 acer
181 4280 278 4332 ierant
301 4279 403 4344 hoton,
430 4279 492 4330 dass
512 4293 572 4330 men
593 4281 642 4332 mit
663 4281 740 4333 Prata
762 4281 907 4334 serietate
932 4273 1047 4343 mbclici
1074 4283 1217 4346 derweeen

98 4377 141 4436 (sc.
160 4374 193 4425 ic
210 4375 355 4438 teredone)
373 4373 401 4426 in
417 4373 547 4426 Raetiam
564 4374 715 4426 Vestranen
737 4375 786 4426 sei,
818 4377 906 4440 iintm
927 4376 1056 4440 eramus
1079 4376 1105 4432 i.
1123 4382 1164 4430 it.
1182 4391 1216 4432 na
