2982 5032
723 286 955 354 ...106-

275 483 436 561 receptat,
461 495 559 560 quum
589 477 742 540 nonnulla
773 475 814 540 dc
837 481 925 541 statu
948 496 1056 542 rerum
1078 477 1277 542 Juliacarum
1299 486 1328 542 et
1346 479 1375 542 de

277 588 514 673 oppugnatione
531 583 785 652 Bredenbendae
809 609 829 653 a
849 588 1014 653 Friderioo
1036 589 1215 655 Solmsiano
1237 585 1322 654 iacta
1340 611 1378 654 re·

275 699 414 778 tulisset,
436 697 605 780 intellexit,
627 699 804 764 Henrieum
819 698 1045 764 Possidentum
1060 699 1209 781 salutem,
1224 701 1379 784 praecipue

277 811 426 875 electoris
449 809 737 893 Brandenburgici,
760 810 862 892 magis
885 809 992 874 fovere
1016 831 1113 894 quam
1136 809 1381 896 Unionis,qua1n
1456 837 1457 850 ¹

275 921 330 987 ille
359 921 441 986 diuit
472 920 553 986 adeo
582 919 819 986 conditionibus
850 920 995 1004 affluere,
1023 927 1061 986 ut
1090 922 1131 987 ab
1160 921 1284 988 insanis
1309 922 1383 988 lacta

276 1044 347 1100 esse
370 1031 581 1116 videreturib
649 1047 652 1054 “

339 1140 460 1209 Tamen
492 1143 650 1207 Henrious
686 1141 820 1208 foedera
847 1163 946 1228 quum
977 1165 1074 1210 manu
1107 1145 1196 1228 regia
1229 1146 1384 1226 sanxisset,

276 1254 494 1320 Christianum
517 1254 558 1319 ab
581 1253 710 1335 Anhalt,
734 1255 790 1338 qui
811 1256 909 1338 paulo
932 1261 1015 1338 post,
1039 1262 1076 1320 ut
1090 1273 1200 1339 regem
1216 1256 1250 1318 in
1267 1255 1385 1320 Unionis

275 1365 416 1449 gratiam
438 1366 617 1446 reduceret,
641 1365 782 1430 Parisios
799 1366 962 1449 profectus
979 1373 1060 1448 erat,
1077 1367 1209 1432 summis
1225 1365 1385 1431 honoribus
1457 1405 1458 1432 i

275 1478 407 1561 recepit.
454 1477 511 1541 Oui
541 1479 665 1562 gratius
689 1477 780 1544 dedit
802 1498 991 1562 responsum
1020 1499 1117 1564 quam
1141 1477 1228 1561 quod
1250 1479 1386 1562 princeps

275 1589 344 1674 ipse
367 1587 600 1668 crediderat.³⁵)
839 1579 842 1588 ⁴

339 1697 481 1766 Jacobus
513 1705 622 1764 autem
650 1721 753 1783 nuper
781 1705 814 1764 et
843 1721 863 1766 a
892 1699 1135 1765 Possidentibus
1165 1699 1201 1765 et‘
1221 1721 1241 1765 a
1265 1699 1387 1765 Saxonis

275 1829 334 1894 per
349 1807 482 1893 legatos,
500 1809 703 1893 sollicitatus
729 1830 827 1894 quum
844 1811 1063 1898 comperisset,
1087 1806 1265 1876 Henricum
1288 1809 1387 1876 foedus

276 1920 349 1987 cuni
372 1916 495 1986 Unione
524 1922 652 2003 fecisse,
676 1917 815 1988 liudolfo
831 1916 1015 1987 Winwocdo
1049 1937 1113 1987 non
1140 1913 1314 1988 cunctatus
1340 1923 1388 1986 im·

275 2033 412 2116 paravit,
433 2037 470 2098 ut
492 2034 646 2118 quattuor
666 2033 756 2097 milia
771 2035 910 2098 militum
925 2033 957 2098 in
972 2022 1389 2118 Hollandia'ooliigerentur.
1458 2069 1459 2074 κ

275 2141 387 2230 Neque
411 2145 523 2210 Status
546 2138 768 2212 confoederati
790 2141 823 2210 id
846 2143 1041 2210 abnuebant.

654 2439 699 2506 De
727 2439 805 2504 balli
826 2439 1019 2522 primordiis.
1117 2468 1143 2492 ν
1234 2487 1236 2494 .
1267 2465 1270 2473 ’

339 2553 477 2657 Jamque
499 2573 678 2657 imperator
704 2573 836 2639 hostilia
864 2574 1005 2657 incipere
1035 2580 1135 2658 atquo
1157 2593 1249 2639 arma
1272 2591 1389 2639 movere
1459 2563 1460 2580 ¹

274 2691 381 2750 monte
405 2686 560 2767 agitabat.
604 2685 802 2750 Praeconem
827 2685 1004 2750 indultam
1031 2685 1132 2766 misit,
1162 2683 1218 2768 qui
1243 2683 1390 2751 mandata

274 2792 528 2882 proscriptionis,
551 2815 634 2879 quae
659 2795 689 2860 d.
709 2797 756 2860 li.
773 2815 814 2860 m.
831 2795 909 2861 Nou.
925 2795 1004 2861 data
1017 2803 1120 2878 usque
1136 2793 1240 2861 adhoc
1251 2797 1389 2861 inlunem

276 2995 477 3006 n———t-——u-n—

343 3154 376 3223 ³4)
397 3159 430 3208 cf.
449 3157 545 3207 Dchna
562 3168 606 3218 pg.
627 3162 667 3207 70.
681 3161 726 3207 71:
745 3155 795 3218 ily
813 3166 829 3204 a
846 3155 906 3214 trop
925 3153 958 3204 de
976 3153 1011 3219 ei,
1034 3153 1054 3203 ii
1071 3153 1143 3218 n’ya
1162 3167 1212 3216 que
1230 3153 1270 3204 ies
1289 3154 1338 3204 fois
1354 3149 1391 3213 qni

276 3251 388 3302 sitiam.
417 3251 518 3300 Eadem
536 3249 628 3299 dicunt
644 3249 758 3300 ministri
775 3247 1084 3313 regisqnaiesviiierot,
1102 3247 1226 3312 Putant,
1244 3248 1300 3298 aiii„
1328 3243 1390 3296 Dicit

276 3343 419 3398 Putarem
433 3342 597 3394 conditiones
606 3343 701 3393 Heliae
711 3343 793 3392 initae
810 3341 955 3402 iaiessunt
975 3341 1067 3404 quales
1084 3355 1118 3392 ne
1136 3344 1170 3392 ab
1189 3342 1289 3392 exteris
1306 3349 1390 3400 eosne

275 3441 390 3504 scantur,
409 3438 542 3504 cupimus,
567 3440 600 3488 de
617 3437 732 3488 Boderie
753 3450 781 3497 p·
803 3442 843 3487 81.
863 3441 904 3488 88.
922 3435 1048 3488 Villcroi:
1078 3435 1111 3486 ils
1133 3445 1166 3487 ne
1189 3437 1250 3488 sont
1270 3447 1319 3496 pas
1339 3435 1389 3490 unp

275 3535 460 3595 sannuncurt
483 3543 550 3594 pour
567 3543 646 3598 nous,
669 3529 877 3582 oneraremus
900 3541 981 3582 avons
999 3528 1118 3581 utilitato
1137 3529 1170 3580 de
1193 3537 1261 3580 nous
1284 3537 1317 3581 en
1338 3539 1388 3579 con·

276 3630 371 3680 tenter.
743 3659 746 3664 -
857 3659 860 3666 ,

328 3722 516 3773 ¹Puieieuxt
534 3721 578 3783 qut
597 3721 636 3786 (ie
654 3719 853 3770 confederation
870 3719 904 3768 de
922 3717 997 3783 Heli)
1015 3717 1083 3769 n’esi
1099 3719 1159 3767 tani
1176 3728 1210 3768 en
1223 3715 1287 3768 eiie'i
1299 3726 1389 3768 comme

275 3825 341 3866 nous
359 3817 457 3867 devons
474 3818 571 3866 mettre
588 3815 666 3877 peine
685 3813 747 3876 qu’ii
766 3813 817 3864 soit
835 3825 866 3863 su
884 3825 918 3862 au
936 3814 1041 3877 debers,
1059 3814 1087 3862 et
1104 3815 1208 3862 surtoui
1225 3805 1388 3869 decennii

274 3912 382 3972 portent
399 3910 475 3960 envie
493 3909 510 3959 a
527 3909 625 3959 i'union
643 3909 670 3958 et
688 3909 779 3958 contre
801 3906 947 3957 i'ambition
971 3908 1019 3956 des
1042 3907 1117 3968 queis
1140 3906 1191 3956 elie
1209 3919 1226 3956 a
1243 3903 1289 3958 tte·
1301 3901 1388 3966 princi·

275 4003 409 4066 pulemont
426 4003 533 4054 (incesto
550 4006 579 4054 et
595 4003 708 4053 resciae.
1250 4034 1253 4042 ,

344 4097 378 4160 35)
401 4099 442 4148 Ex
460 4097 573 4158 epistola
590 4097 746 4160 Hieronymi
763 4096 892 4147 Dieskaui
909 4095 1008 4146 Joanni
1025 4093 1140 4158 Georssio
1156 4093 1313 4145 Anbnitcnsi
1334 4091 1388 4140 aas

276 4192 301 4241 d.
321 4198 360 4242 21.
378 4191 456 4253 Ape:
475 4192 534 4242 Von
553 4189 712 4242 Dtsseidorf
727 4191 762 4241 ist
780 4189 805 4240 d.
824 4191 886 4242 dato
906 4193 945 4241 ii.
964 4189 1040 4250 April
1058 4185 1388 4251 nemorumnemorum

276 4283 357 4336 Fiirst
375 4283 509 4336 Christian
527 4299 577 4335 vnn
595 4284 694 4334 Anhaii
711 4284 792 4334 (labin
810 4283 910 4349 aritini,
929 4281 990 4335 dass
1008 4297 1041 4334 er
1054 4282 1233 4335 ciceronem
1246 4279 1387 4334 seminum

278 4391 337 4432 vom
355 4377 460 4440 Kiinige
479 4379 584 4438 eriengt
602 4378 671 4432 habe
689 4379 729 4430 als
747 4393 777 4430 er
794 4380 946 4431 erwartete.
980 4379 1061 4432 Arch.
1079 4377 1147 4428 Aah.
1166 4377 1242 4428 Dese.
