2980 5040
517 299 725 378 ..5¹1⁴-

31 497 155 570 sri'mo
193 513 324 586 quoque
353 493 500 582 tempore
528 499 612 565 1500
639 503 765 585 equites
794 506 927 584 pararet
953 496 1186 588 imperavit.⁵¹)³

31 615 180 681 lamen
217 610 356 676 multum
381 611 511 692 aberat,
544 617 582 677 ut
609 632 662 677 res
689 611 963 678 Praetendentum
996 613 1088 680 bonis
1115 621 1189 681 ter··

31 725 146 790 minis
173 721 328 788 fuissent.
376 722 478 788 Immo
507 742 583 789 vero
611 722 789 807 imperator
810 759 852 770 ——
873 729 911 790 ut
938 725 986 790 ita
1012 724 1118 792 dicam
1139 762 1181 776 -

31 839 108 901 iter
139 835 189 900 iis
229 833 419 916 praecipere
452 833 631 918 videbatur.
681 833 720 898 D.
745 835 772 898 l.
794 855 836 898 m.
859 833 940 919 Maji
972 836 1189 904 commissarii

32 945 284 1030 imperatoris,
306 944 391 1010 inter
412 965 494 1029 quos
515 944 719 1011 Reinhardus
741 943 782 1010 de
804 945 1058 1030 Schoenenberg‚
1078 947 1182 1015 Dues·

35 1055 219 1138 seldorpii
239 1055 274 1120 in
297 1055 427 1120 domum
448 1056 570 1140 regiam
590 1057 714 1139 recepti
735 1055 859 1140 sunt⁵²l

119 1167 276 1232 Accessit
297 1166 384 1249 quod
405 1167 568 1250 principes
586 1168 657 1251 jam
677 1189 743 1233 non
764 1174 853 1236 certo
880 1168 1026 1235 sciebant
1052 1170 1181 1254 inrogo

44 1277 350 1361 Francogellorum
378 1283 536 1362 quantum
563 1279 633 1362 spei
661 1279 723 1344 sibi
750 1285 846 1345 esset.
894 1279 934 1344 D.
954 1281 1046 1346 ¹onim
1070 1279 1118 1347 18.
1140 1303 1182 1348 m.

47 1389 139 1474 Maji
162 1387 327 1454 Henricus
351 1386 405 1454 IV.
428 1390 612 1473 scripserat,
635 1389 791 1455 auxilium
820 1411 914 1456 suum
935 1411 1037 1476 usque
1058 1392 1102 1458 ad
1123 1393 1184 1460 hoc

50 1521 89 1566 se
120 1521 194 1566 non
221 1499 284 1566 nisi
310 1497 404 1566 nimis
433 1499 549 1584 amplis
578 1501 708 1567 vocibus
734 1519 914 1584 parumque
942 1500 1083 1568 definitis
1110 1524 1184 1588 pro-

49 1611 202 1692 misisse,
226 1615 358 1676 eventus
379 1631 488 1677 rerum
510 1611 617 1696 qualis
638 1609 733 1676 fieret
753 1631 787 1676 se
810 1617 1086 1696 exspectaturum,
1109 1633 1185 1679 con-

55 1721 139 1786 silia
161 1721 374 1806 rationesque
395 1723 549 1806 principis
570 1743 606 1787 se
627 1729 874 1808 prospectorum
896 1741 977 1806 esse,
998 1725 1185 1808 priusquam

55 1833 163 1899 altius
187 1833 287 1898 rebus
308 1853 344 1900 se
365 1833 570 1899 immisceret.
577 1832 614 1918 ⁵³)

127 1943 265 2010 Judicat
285 1965 343 2010 rex
368 1945 597 2028 imperatorem
623 1965 727 2030 usque
749 1944 792 2012 ad
817 1945 933 2011 hocin
960 1945 1081 2012 ducatu
1102 1965 1188 2012 sum·

66 2076 157 2120 ιιιιιιιι
178 2055 304 2137 valere,
336 2055 467 2122 viduam
488 2055 579 2122 ducis
601 2055 742 2122 Rudolfo·
768 2039 933 2122 addictam
959 2077 1041 2122 esse.
1083 2055 1188 2122 Menai

69 2165 159 2250 Majo
170 2165 329 2234 Hemious
345 2168 462 2234 certior
476 2166 583 2233 iactus
597 2172 680 2248 erat,
694 2167 922 2251 imperatorem
935 2165 1188 2252 Brandenburgo

71 2282 106 2342 et
126 2277 297 2362 Neoburgo
318 2278 473 2364 neglectis
496 2299 537 2344 ex
559 2277 785 2366 archiducibus
813 2278 870 2344 uui
890 2283 997 2344 terras
1019 2284 1188 2363 sequestro

71 2387 224 2456 daturum
251 2410 332 2456 esse.
385 2389 538 2456 Albertus
569 2396 679 2456 antem
709 2389 867 2460 archidux
901 2390 1129 2473 proclamavit,
1162 2390 1191 2455 si

72 2499 316 2585 Brandenburgi
337 2500 457 2568 milites
483 2502 517 2568 in
538 2500 692 2568 ducatrrm
719 2500 924 2584 deducerent,
950 2501 1072 2570 bellum
1099 2521 1191 2567 exar-

79 2633 186 2678 surum
208 2610 331 2696 esse.⁵⁴)
364 2684 366 2688 ,

85 2732 278 2743 ——

147 2814 179 2878 ⁵¹)
195 2817 236 2868 Ex
254 2816 367 2878 epistola
383 2817 491 2870 Ernesti
508 2817 598 2870 comiti
616 2818 642 2868 d.
661 2823 701 2870 18.
718 2831 754 2868 ιιι.
769 2817 835 2880 llali
852 2817 964 2869 reddita.
983 2818 1075 2870 Codex
1085 2819 1192 2879 mscrpt.

81 2909 167 2960 nero.
177 2909 294 2961 arueras
303 2910 533 2964 marcenienses
540 2885 740 2972 morianna
751 2911 920 2963 nveniantur
931 2913 959 2962 ιι
970 2911 1192 2964 arsurumne.

150 2999 343 3067 temperator
363 3006 389 3055 d.
413 3013 436 3057 a.
458 3019 493 3055 ιιι.
511 3006 575 3066 Apr.
599 3003 720 3055 edixerat
738 3003 990 3066 Schoenonbergum
1012 3006 1039 3053 et
1056 3003 1194 3055 Neuhaus·

91 3113 147 3150 sam
161 3097 262 3149 nusum
279 3099 321 3149 iri.
356 3099 398 3150 Do
420 3099 576 3151 Neuhausso
599 3100 692 3160 postea
713 3097 787 3148 nulla
803 3097 901 3149 mentio
919 3099 956 3148 at.
991 3098 1045 3166 [Ex
1066 3097 1194 3148 relatione

85 3193 178 3246 naun
193 3193 224 3244 de
242 3193 345 3246 casalli
367 3205 446 3257 quam
462 3193 586 3258 Droyserr
609 3193 720 3244 adhibet
736 3191 776 3244 in:
805 3193 861 3243 Das
879 3191 1127 3244 Stralendorffische
1144 3191 1196 3242 Be-

88 3289 189 3340 denken
207 3299 266 3350 pag.
290 3293 348 3340 884.
378 3287 499 3350 Apparet
519 3287 614 3350 postea
639 3289 753 3339 alterum
776 3287 895 3348 legatum
916 3287 1079 3338 nominatum
1104 3283 1197 3350 lause,

90 3383 188 3446 Royan
199 3382 229 3432 de
247 3395 299 3446 quo
317 3383 378 3434 vide
395 3395 457 3444 pag.
475 3387 500 3434 8.
518 3382 570 3444 Qui
588 3396 667 3446 quum
684 3381 845 3443 legationem
862 3382 994 3432 abnuerat
1010 3391 1099 3432 comcs
1111 3379 1197 3432 zoile·

92 3489 168 3527 renus
183 3476 331 3527 substitutus
349 3478 390 3526 est
411 3475 458 3544 (ex
475 3477 588 3538 epistola
605 3475 708 3528 cavalli
730 3475 755 3524 (1.
779 3481 803 3526 8.
825 3489 860 3526 ιιι.
883 3475 945 3526 Jnn.
969 3473 1087 3536 scripta).
1122 3471 1198 3524 Gom·

93 3569 215 3622 missorius
235 3571 259 3620 d.
283 3577 307 3622 1.
329 3555 396 3632 llaji
418 3570 619 3632 Ducsreldorpii
642 3570 749 3620 adnuae
773 3580 806 3620 ex
827 3569 924 3620 litteris
946 3568 1077 3629 Leopoldi
1099 3567 1199 3633 (rerum

95 3663 244 3719 Juliacarum
255 3665 355 3728 fascic.)
374 3666 484 3716 constat.
509 3664 761 3725 Schoenenbergum
778 3661 978 3723 Dnesseldorpii
995 3662 1021 3712 (1.
1039 3667 1082 3713 17.
1093 3674 1128 3711 ιιι.
1141 3659 1199 3724 ujr.

101 3771 155 3810 cum
170 3759 296 3810 ordinibus
313 3771 370 3809 rem
387 3760 474 3820 egisse
494 3770 527 3809 ex
545 3758 603 3808 cod
621 3757 710 3808 Berol.
728 3756 870 3818 colligitur.
889 3757 923 3807 ct.
940 3767 985 3816 pc.
1005 3761 1046 3807 oa.

162 3850 192 3916 l³)
206 3852 318 3904 Jeanuin
329 3853 363 3904 V.
380 3866 406 3914 p.
419 3859 477 3905 436.
495 3853 529 3903 Je
547 3864 581 3902 ne
599 3851 634 3901 l’a
651 3851 710 3901 leur
727 3850 753 3901 ai
770 3851 885 3916 promise
903 3860 1000 3900 encore
1018 3849 1202 3912 qn'eutermes

104 3946 222 4010 garenna
231 3943 348 3998 delibdre
361 3946 494 3998 d’dcouter
507 3948 534 3996 et
545 3947 611 4011 voit,
630 3945 692 4008 quel
702 3944 773 3994 train
784 3943 931 4006 prendront
946 3943 987 3994 les
999 3943 1106 3993 affaires
1124 3944 1151 3991 et
1162 3941 1202 3992 les

106 4039 251 4091 inclusione
268 4041 296 4090 et
312 4040 473 4101 procederes
490 4041 538 4091 des
555 4053 605 4090 nus
623 4041 650 4090 et
666 4040 714 4089 des
732 4039 822 4089 autres
840 4039 937 4089 devant
957 4050 1008 4101 que
1020 4036 1073 4101 m'y
1085 4046 1203 4096 manger

108 4135 160 4198 plus
174 4136 249 4188 aaut
449 4199 455 4212 ¹

168 4227 198 4294 141
212 4227 364 4282 lr'arclriduc
384 4226 436 4276 m’a
458 4225 508 4278 lalt
530 4227 587 4278 dire
606 4227 789 4278 recentement
805 4239 854 4288 par
871 4239 919 4276 son
936 4223 1133 4290 amomacum,
1151 4235 1203 4285 que

113 4322 134 4373 si
147 4321 261 4375 l'dlecteur
278 4323 312 4374 de
330 4321 539 4384 Brandeubourr
556 4322 677 4385 yeuvoit
694 4321 741 4372 des
752 4333 819 4384 gans
831 4321 865 4370 de
877 4329 983 4383 rueme,
1000 4315 1063 4381 qu'll
1075 4317 1207 4368 allumara

116 4429 146 4466 uu
160 4418 203 4482 lea,
218 4417 257 4480 qni
273 4429 334 4468 sora
351 4415 460 4468 difficile
477 4413 495 4465 a
511 4415 640 4467 eteindre.

1000 4511 1037 4564 4.
