2982 5032
566 192 776 263 ..93„.,

175 373 266 440 Inter
286 374 447 458 principes
469 375 833 459 adhuediosensiones,
862 379 1049 468 aillamis
1067 379 1154 448 belle
1175 403 1237 464 pa·-

105 482 215 548 rando
238 483 441 562 celeritatem
463 506 545 554 esse.
610 527 613 538 ι
772 527 777 555 ;

175 593 210 659 si
231 595 322 660 nulla
343 617 435 661 mora
458 596 685 680 adhiberetur,
707 598 790 664 bene
813 599 853 664 de
875 621 911 665 re
934 601 1136 685 sperandum,
1153 615 1238 676 este,

129 745 146 788 ,-
174 705 282 777 Medic
299 696 408 784 'mensi
429 707 604 781 Novembri
628 708 750 780 elector
772 709 970 780 Coloniensis
1000 713 1234 781 cum‘Prelatis

104 816 294 899 nonnullis,
303 817 389 886 iuter
411 840 492 903 quos
515 820 686 904 epiecopus
709 819 1041 906 speciosissimam
1065 830 1237 892 uenerunt

104 925 252 1010 Legatus
267 928 372 996 Venet
357 935 411 996 tus
433 930 567 1012 sciebat,
543 935 645 996 teos
668 951 740 996 cum
763 932 960 1062 imperatore
984 934 1024 1002 de
1046 955 1082 1002 re
1105 934 1237 1002 Juiieca

106 1039 281 1122 egisset,
478 1089 521 1117 ,.,
573 1073 576 1080 ’
714 1095 718 1102 .

173 1150 307 1216 Elector
327 1156 405 1216 tunc
427 1151 558 1236 quidem
584 1153 819 1238 imperatorem
844 1154 888 1222 ad
915 1156 1054 1223 seutent'
1044 1177 1111 1222 ram
1140 1171 1235 1226 suam

104 1281 174 1326 ιιοιι
195 1261 386 1345 perduxisse
408 1263 546 1328 videtur.

173 1372 350 1468 Postquam
377 1395 500 1466 paucos
533 1375 629 1466 medo
663 1375 733 1443 dies
763 1376 888 1464 Pragae
911 1383 1129 1463 commoratus
1152 1383 1234 1458 erat,

105 1482 316 1550 Monachium
337 1484 502 1574 profectus
521 1492 588 1564 est,

173 1593 253 1660 lude
276 1594 414 1678 Pragam
435 1617 583 1662 reversus
606 1597 738 1662 arbitris
759 1599 893 1664 remotis
919 1597 1137 1668 secretimime
1159 1618 1232 1663 cum

105 1707 306 1790 imperatore
327 1721 380 1771 res
402 1707 603 1774 deliberarit.
647 1705 830 1791 Imperator
850 1715 927 1774 tuuc
947 1710 1087 1774 maxime
1111 1731 1150 1774 ex
1166 1710 1233 1793 epi-

105 1815 197 1882 stola
213 1816 354 1900 quadam
378 1820 418 1884 ab
435 1817 573 1884 electore
597 1818 654 1884 dat
640 1825 685 1884 ta
699 1817 740 1904 (d.
756 1837 797 1884 m.
816 1821 865 1884 16.
880 1816 971 1904 Nor.)
989 1819 1232 1886 acerbissimam

106 1933 183 1992 cont
183 1949 223 1993 ra
169 1925 402 1994 tioannem
427 1918 665 2014 sigismundum
688 1935 881 2016 conceperat
903 1931 995 1996 iram
1002 1929 1054 2016 199)
1136 1923 1138 1931 ’

172 2019 286 2122 Neque
299 2019 473 2108 defuerunt
495 2043 551 2126 qui
572 2043 612 2108 iis
626 2042 769 2108 maxime
784 2041 898 2126 diebus
921 2041 961 2108 de
974 2015 1130 2125 periculo,
1145 2043 1234 2126 quod

109 2153 153 2220 ab
175 2150 302 2234 Unicus
323 2151 594 2230 Protestautioe
585 2153 778 2232 immineret
755 2153 900 2219 trerba
924 2152 1090 2234 iacerent,
1060 2153 1232 2236 tqualcs

105 2263 277 2347 episcopus
305 2261 465 2345 Spirensis
495 2263 624 2346 aliique.
672 2263 774 2346 Legat
774 2284 813 2328 us
842 2263 1008 2346 Hispanus
1029 2263 1232 2348 Nuntiusqus

107 2367 293 2440 adstabant.
325 2365 534 2438 Petierunt
544 2374 586 2439 ab
594 2375 815 2492 imperatore,
846 2380 884 2439 ιιι
915 2374 1014 2464 Ligae
1045 2372 1232 2478 Catholicae

107 2497 143 2552 se
167 2482 364 2550 ediliceret·
460 2496 463 2504 ’

172 2592 264 2674 Quod
287 2560 386 2680 quum
406 2571 584 2679 imperator
605 2589 822 2686 renuisset—
845 2618 921 2674 nam
943 2566 1067 2683 domini
1088 2597 1232 2684 supremi

106 2705 747 2790 nonesse,singularumpartiumesse-
754 2707 1028 2790 tamenLigamse
1042 2705 1231 2790 adjuturum
1270 2713 1271 2716 ’

107 2839 179 2887 esse
201 2817 360 2904 promisit.
368 2815 417 2900 193)
445 2816 559 2904 Neque
582 2839 681 2901 quum
703 2817 826 2884 Prolati
841 2817 1067 2900 obsecrabant,
1089 2823 1127 2884 ιιι
1142 2815 1229 2886 Unio

176 3132 223 3200 19ι)
242 3133 358 3189 Priulius
374 3133 443 3184 hane
459 3130 598 3194 epistolam
611 3133 646 3184 ad
659 3132 849 3194 rempublicam
861 3133 992 3184 Venetam
1003 3132 1083 3184 misit.
1105 3132 1189 3183 Dicit:
1207 3133 1232 3182 ll

107 3229 213 3281 Elettcr
229 3229 370 3279 deBrani.
389 3228 424 3278 ba
442 3225 534 3280 scritto
552 3225 596 3276 all’
614 3227 681 3288 Imp.
700 3227 770 3278 assai
788 3227 979 3277 rissentitame.
1010 3227 1122 3279 Nuntiat
1140 3228 1167 3276 et
1190 3232 1230 3278 14.

107 3325 174 3375 Dee.
208 3323 270 3374 Jam
288 3323 367 3372 autea
385 3320 528 3372 electorem
550 3321 656 3372 litteras
678 3322 714 3370 ad
730 3321 875 3370 Rudolinm
893 3322 1009 3386 dedisse,
1028 3321 1176 3382 colligimus
1198 3334 1232 3370 ex

108 3417 238 3468 relatione
256 3415 359 3467 Oavalli
386 3417 411 3465 d.
435 3422 476 3468 ιι.
499 3429 534 3466 ιιι.
553 3414 626 3476 Sept.
648 3421 713 3465 1609
738 3415 851 3474 scripta:
878 3412 1002 3464 l'Elettor
1025 3415 1052 3464 di
1074 3415 1173 3464 Brand.
1197 3414 1231 3464 ha

108 3511 200 3564 scritto
212 3509 256 3560 all'
268 3510 335 3570 Imp.
347 3507 528 3561 iatitcloadosi
537 3506 618 3559 Daca
636 3507 666 3559 di
685 3504 774 3562 Olenos
792 3513 818 3558 et
828 3506 860 3559 de
874 3505 996 3572 Gisliera
1015 3507 1166 3560 els’haveria
1178 3509 1231 3558 ben

109 3605 206 3655 havutc
225 3603 298 3656 torae
316 3616 366 3654 con
383 3603 403 3652 li
421 3603 495 3654 molti
519 3601 598 3653 amisi
616 3602 665 3652 che
683 3602 706 3652 si
724 3601 858 3652 ritrovano
876 3602 904 3652 di
921 3602 995 3652 lerar
1011 3600 1083 3654 l'Are
1102 3601 1185 3662 Leop.
1203 3601 1231 3650 ii

111 3697 218 3750 Giulicli
234 3709 279 3746 ma
296 3697 349 3748 che
363 3696 457 3748 volere
473 3698 587 3748 ιιιιιιιι
603 3695 689 3757 prima
707 3696 756 3748 elie
775 3697 809 3746 da
828 3695 854 3746 S.
872 3696 907 3746 Μ.
926 3696 996 3746 iesse
1008 3695 1164 3745 richiamato
1182 3706 1232 3744 ocu

112 3791 174 3842 altri
192 3791 308 3842 eoncetti
329 3803 346 3840 a
369 3791 460 3841 msere
482 3790 553 3841 delle
576 3802 657 3842 causa
679 3803 727 3840 sua
749 3792 777 3840 ct
799 3790 826 3840 di
850 3790 931 3840 molto
954 3789 1084 3850 pregiurlo
1109 3787 1146 3837 all
1169 3790 1232 3838 auto

109 3887 197 3946 Ιιιιριο.
214 3884 304 3935 Etiam
321 3885 389 3935 irasc
406 3883 518 3945 epistola
540 3884 575 3934 ari
592 3884 711 3937 Venetos
731 3884 813 3934 missa
836 3896 894 3934 esse
917 3883 1030 3934 videtur.
1067 3881 1176 3944 Sarpius
1198 3881 1231 3932 de

111 3991 143 4030 ea
159 3979 320 4030 mentionem
337 3978 402 4029 iacit
418 3977 464 4044 (m.
483 3977 542 4029 Oct.
560 3975 647 4046 1609).
1061 4031 1070 4042 „

178 4070 227 4140 1⁹³)
250 4071 307 4124 che
328 4085 381 4122 non
402 4072 531 4132 potrebbe
553 4073 611 4122 iare
634 4084 713 4122 senas
735 4069 920 4132 preginslieare
943 4071 997 4120 alla
1019 4069 1168 4120 universale
1190 4079 1231 4118 su·

7 4213 9 4218 ,
110 4167 238 4230 perierita
260 4165 337 4218 eh’ha
353 4164 381 4214 in
397 4166 468 4215 tutta
489 4165 517 4214 la
535 4165 623 4218 Germ.
645 4165 745 4226 perche
767 4163 887 4216 ccm’ella
909 4163 1108 4214 S'interessasse
1129 4162 1157 4212 in
1178 4175 1232 4212 una

110 4263 187 4324 parte
203 4259 292 4314 l'altra
315 4258 341 4311 le
363 4258 533 4320 necherebbe
555 4247 752 4325 l’obbedienaa,
782 4271 797 4308 e
820 4258 869 4309 che
890 4272 939 4320 per
958 4257 986 4308 la
1006 4257 1100 4308 meim-
1122 4255 1232 4316 ragione
