2980 5040
572 283 786 348 -67..

119 469 334 533 commutatus
362 467 419 548 sit,
446 466 540 535 irrita
567 487 639 534 esse
666 473 766 552 atque
793 468 873 534 nihil
896 469 966 553 jam
993 469 1112 540 volere.
1159 471 1242 554 Tum

117 575 174 640 ille
197 596 270 640 eum
291 596 355 642 non
382 597 484 661 parvo
510 577 635 665 impetu
660 578 808 648 elocutus
832 585 899 661 est,
929 581 1086 658 mandata
1111 583 1242 650 sosine

118 685 185 752 ullo
206 693 359 772 respectu
373 693 601 754 essecuturrnn
616 703 697 756 esse.
732 689 872 775 Jamque
893 711 959 759 non
973 691 1089 775 ,larus
1112 713 1187 762 eum
1207 694 1243 760 id

120 797 262 864 maxime
285 818 391 882 agere,
413 804 450 865 ut
461 799 630 884 pactiones
646 806 868 870 everterentur
886 801 1080 888 ordinesque
1103 825 1124 870 a
1144 805 1243 874 rectis

118 907 256 976 dominis
279 907 554 978 abalienarentur.
566 911 619 995 ¹⁰⁰)

182 999 303 1106 Itaque
326 1021 488 1106 principes
516 1020 546 1086 d.
570 1023 598 1086 7.
621 1022 686 1094 Jul.
713 1043 773 1108 per
798 1023 926 1112 litterae
954 1023 1043 1109 apud
1069 1024 1244 1096 (iomanem

118 1130 160 1196 de
185 1131 420 1198 Hohenzollero
447 1133 687 1217 quaerimonias
714 1133 851 1218 faciunt,
886 1141 1066 1220 regantque
1091 1141 1131 1204 ut
1159 1158 1245 1204 com-

117 1241 259 1310 missorii
279 1248 479 1312 revocentur.
523 1243 661 1328 Sperare
689 1265 724 1310 se
747 1250 781 1312 et
804 1265 996 1329 persuasum
1016 1247 1157 1330 habere,
1184 1247 1245 1314 im·

117 1359 305 1436 peratorem
327 1376 413 1440 quae
434 1355 646 1422 commissarii
661 1362 759 1440 agant
780 1377 845 1424 non
867 1357 1103 1442 comprobasse.
1138 1359 1244 1442 Impe-

118 1469 211 1530 rator
236 1465 334 1548 igitur
359 1466 394 1532 in
420 1472 529 1533 mente
552 1467 667 1550 agitet,
690 1472 848 1552 quantum
868 1469 966 1535 terris
991 1467 1048 1535 fiet
1075 1468 1241 1552 damnum,

119 1575 148 1640 si
168 1595 234 1658 pax
256 1581 291 1643 et
311 1575 426 1644 foedus
448 1577 630 1644 turbentur.
644 1578 697 1662 ¹⁰¹)

182 1686 453 1754 Hohenuollerum
476 1695 587 1758 autern
609 1695 742 1760 eventus
764 1688 890 1758 fefellit
925 1689 1010 1758 Nam
1030 1690 1065 1758 in
1087 1696 1245 1758 conventu

118 1795 411 1890 Duessoldorpensi
438 1819 491 1868 res
514 1800 752 1884 quodammodo
777 1806 931 1886 peractae
958 1807 1043 1869 srmt.
1085 1802 1245 1870 Promise-

117 1915 196 1974 runt
219 1911 304 1975 enim
317 1911 535 1993 Possidentes,
555 1912 631 1996 jura
653 1933 688 1978 se
708 1917 742 1978 et
755 1912 924 1997 privilegia
945 1913 1149 1982 subditorum
1170 1935 1246 1982 eon·

117 2025 321 2104 servaturos,
353 2029 535 2106 eonateque
563 2024 654 2090 tertii
681 2025 837 2108 cujusque
864 2024 1077 2108 aprovinciis
1102 2025 1246 2109 prohibi-

118 2135 220 2211 turos,
243 2153 392 2218 quaeque
413 2134 453 2200 iis
474 2139 608 2218 propter
626 2133 855 2218 jusjurandum
875 2134 1020 2201 oblatum
1040 2135 1247 2220 imminerent

118 2243 275 2326 pericula,
299 2245 386 2310 omni
399 2245 495 2312 modo
511 2265 546 2312 so
569 2244 768 2325 defensuros,
790 2265 927 2328 munera
947 2245 1061 2312 itidem
1083 2251 1117 2312 et
1137 2245 1246 2312 aulice

121 2359 155 2418 et
175 2355 385 2440 municipalia
405 2357 658 2441 somniorumque
680 2355 778 2422 nullis
799 2356 862 2422 nisi
882 2355 960 2422 solis
978 2355 1136 2440 indigenis
1160 2377 1245 2423 com-

120 2465 291 2548 missuros,
326 2473 471 2534 veterem
498 2467 638 2552 denique
664 2467 901 2553 prouinciarum
932 2467 1063 2534 illarum
1094 2469 1246 2535 unionem

118 2596 185 2642 non
226 2577 439 2645 dissoluturos
477 2599 558 2646 esse.
620 2579 669 2644 De
712 2578 885 2646 excercitio
927 2584 1038 2646 eutem
1079 2578 1246 2662 religionis

122 2687 264 2753 edictum
279 2693 339 2771 est,
358 2695 395 2754 ut
410 2695 443 2756 et
457 2690 568 2773 religio
584 2689 745 2754 catholica
759 2688 908 2772 aliaeque
924 2709 1035 2755 omnes
1050 2689 1246 2756 christianae

118 2796 308 2882 religiones,
337 2819 421 2884 quae
449 2805 518 2867 tam
544 2801 578 2866 in
601 2799 720 2866 Sancto
742 2801 887 2867 Romano
908 2801 1058 2888 imperio,
1088 2821 1187 2886 quam
1212 2800 1248 2868 in

121 2907 243 2976 ducatu
272 2910 343 2996 ipso
371 2918 405 2978 et
439 2913 612 2978 enstissent
646 2917 679 2978 et
712 2918 948 2994 exercerentur,
984 2911 1249 2984 continuarentur

122 3028 391 3090 conservarentur
407 3023 680 3106 admitterentur,
697 3023 825 3090 nemine
850 3022 975 3104 „libere
1004 3023 1079 3090 illes
1100 3042 1144 3090 ne
1163 3023 1247 3089 cole·

120 3137 190 3214 ret,
225 3133 364 3200 turbato
401 3134 573 3219 prohibito·
604 3134 754 3202 vexato.“
812 3131 939 3200 Deinde
977 3131 1107 3200 ordines
1139 3131 1247 3200 duliae

191 3419 241 3491 1⁰⁰)
258 3423 358 3478 Dicunt
372 3422 508 3488 omenes
525 3423 554 3478 ln
571 3422 685 3488 epistole
701 3423 729 3476 d.
747 3429 771 3476 r.
789 3422 845 3476 Jul.
863 3422 1052 3478 auceosarem
1068 3423 1177 3490 scripta
1194 3423 1248 3475 Ho-

124 3517 306 3570 henrollernm
323 3519 456 3572 elocutrm
479 3531 538 3570 esse
557 3517 621 3582 ,mit
638 3517 794 3576 nimblietrer
811 3517 975 3579 Hestiekeit:
992 3518 1031 3570 Es
1051 3517 1172 3578 eebiinre
1193 3516 1249 3568 ihm

123 3611 217 3670 seinen
233 3612 374 3666 habendes
391 3612 515 3670 berehloh
527 3613 584 3674 sine
596 3613 720 3674 respectu
737 3625 771 3662 eu
783 3611 935 3679 exsquiren,
953 3609 1006 3664 wie
1018 3623 1049 3667 er
1060 3610 1131 3663 donn
1144 3610 1250 3665 dem

123 3706 170 3761 bei
187 3705 374 3760 sensurum
390 3707 487 3760 entier
508 3707 562 3758 rud
583 3706 699 3768 folgene.
709 3719 743 3758 sn
760 3705 895 3767 Dnisburss
916 3703 991 3758 seins
1007 3704 1146 3766 Werbune
1167 3705 1249 3766 abre

123 3800 192 3861 lert,
215 3801 284 3854 audi
305 3814 341 3854 en
358 3801 402 3854 die
420 3799 520 3854 strnue
537 3800 634 3854 ellhier
650 3801 753 3866 berem,
776 3799 830 3852 ihm
847 3799 917 3852 eoolr
933 3799 1019 3852 wider
1035 3811 1133 3852 nnsern
1149 3798 1249 3852 wilton

123 3894 232 3946 herrein
249 3895 277 3946 in
294 3895 342 3946 das
359 3893 470 3966 Syohloas
487 3911 520 3948 nu
537 3895 673 3957 begleiten
689 3894 745 3946 und
762 3893 846 3947 drmit
863 3893 892 3946 in
909 3895 957 3946 der
974 3893 1046 3946 That
1062 3907 1096 3946 au
1113 3893 1249 3946 erkennen

124 3989 258 4055 gegeben,
281 3990 342 4042 dass
359 3991 417 4042 sein
433 3990 520 4042 intent
542 3988 719 4043 minenolioh,
739 3988 821 4040 donin
837 3987 983 4054 reriohtst,
1006 3987 1067 4042 dese
1088 3984 1250 4039 dictitando

124 4081 153 4134 in
174 4082 261 4136 ihren·
284 4083 429 4139 seueram
450 4083 488 4136 irr
509 4083 633 4146 gemacht
654 4083 708 4137 und
730 4095 826 4136 ansere
849 4081 1059 4137 triedlisbenden
1080 4079 1250 4141 handlunrer

124 4177 179 4228 und
196 4177 383 4242 metellungen
399 4190 428 4230 so
446 4177 500 4232 viel
516 4191 553 4230 en
569 4178 640 4230 inme
657 4177 812 4228 verlindert
828 4175 947 4231 werden.

193 4269 240 4335 ²⁰¹)
258 4272 380 4334 Epistola
401 4271 601 4334 Duesseldornii
624 4271 726 4336 scripto
747 4271 788 4325 est
809 4271 844 4324 ct
865 4283 911 4332 pr.
935 4275 976 4322 te.
1005 4266 1123 4331 (huonis
1143 4279 1204 4322 eom
1220 4267 1250 4329 'm

125 4377 177 4418 rer.
195 4365 250 4418 Jul.
269 4363 347 4434 fasc.)
431 4413 435 4420 .

1041 4463 1078 4518 5.
