2980 5040
713 224 925 290 ..40-

324 411 463 494 Jamque
486 423 551 475 tam
572 415 675 496 primo
697 413 730 478 in
757 413 892 480 urbibus
914 411 1090 492 nonnullis,
1118 411 1251 495 quales
1279 412 1450 476 Deurae

259 521 421 604 aliaeque,
457 523 604 590 auditum
638 529 704 605 est,
740 525 826 590 cives
854 524 1030 590 electorem
1063 523 1450 605 Brandenburgicum

259 631 422 698 dominnm
455 635 676 718 appellatores
712 655 798 716 esse,
835 635 863 700 si
896 657 970 700 oum
999 634 1190 718 Wollgango
1238 633 1446 698 Guilelmo

259 748 374 826 pactus
397 751 491 812 essct.
499 743 534 828 ¹⁷)

321 853 428 938 Atque
450 877 533 939 quae
560 857 615 922 ille
637 857 805 924 moliretur
831 857 920 922 haud
948 856 1004 922 diu
1034 857 1106 940 quis
1133 861 1292 940 poterat
1329 857 1440 922 dubi-

258 968 338 1028 tare.
381 965 464 1031 Nam
493 967 548 1032 ille
584 989 668 1050 quae
697 969 839 1050 ordines,
869 990 909 1034 ne
932 968 1047 1034 urbem
1069 966 1194 1048 adiret,
1239 967 1438 1051 depreca-

259 1074 387 1157 bantur,
410 1099 508 1160 quum
530 1080 720 1161 negligeret,
744 1101 806 1162 quo
828 1079 995 1162 privilegio
1020 1078 1169 1144 Carolino
1195 1079 1261 1162 jus
1294 1083 1435 1147 matris

258 1207 336 1250 suae
351 1187 472 1269 optime
488 1188 657 1254 fundatum
680 1195 775 1270 esset,
799 1191 1005 1256 accusatione
1028 1209 1107 1254 usus
1130 1210 1169 1252 ac
1183 1191 1365 1273 speciem
1390 1193 1433 1256 si-

258 1296 394 1376 mulans,
418 1318 452 1360 se
473 1317 606 1362 uxorem
625 1297 715 1364 ducis
738 1300 778 1364 de
800 1308 904 1366 morte
924 1301 1035 1366 mariti
1050 1299 1319 1366 consolaturum
1335 1324 1429 1381 esse,

259 1411 296 1470 ut
317 1407 350 1472 in
371 1407 483 1472 urbem
506 1409 703 1492 reciperetur
724 1413 857 1494 rogavit.
902 1412 1007 1488 Quam
1029 1432 1129 1496 quum
1150 1413 1330 1493 precibus
1350 1436 1426 1478 om·
1449 1453 1450 1504 p

259 1517 348 1582 nium
381 1525 557 1585 commotus
590 1521 688 1603 paulo
726 1528 801 1604 post
838 1523 1024 1606 reliquisset
1059 1521 1350 1605 Benradiamque
1384 1545 1421 1588 se
1449 1505 1450 1524 l

261 1629 457 1711 contulisset,
482 1631 610 1696 ordines
626 1631 788 1712 etlehas,
809 1633 977 1713 Montium,
1000 1630 1280 1714 Ravensbergiae,
1311 1635 1420 1700 Dins-

259 1739 388 1806 lakenia
421 1742 454 1805 in
489 1743 568 1806 urbe
596 1748 820 1824 congregatos,
849 1750 883 1808 et
911 1743 1031 1808 Cliniae
1058 1743 1303 1826 Marchiaeque
1342 1768 1415 1810 cer-

258 1849 357 1914 tiores
379 1850 467 1932 iceis,
491 1873 585 1935 aegre
598 1875 632 1918 se
655 1851 787 1936 ferre,¹⁸)
811 1854 897 1936 quod
913 1855 972 1919 sub
988 1856 1116 1919 nomine
1141 1853 1286 1920 loannis
1305 1855 1410 1939 Sigis

259 1961 370 2026 mundi
391 1962 537 2028 homines
559 1963 701 2046 quidam,
724 1985 832 2030 rerum
854 1987 1009 2030 novarum
1031 1965 1159 2048 cupidi,
1189 1965 1332 2048 injussu
1359 1990 1405 2032 or-

262 2072 370 2140 dinum
393 2075 582 2160 occulteque
604 2075 740 2159 insignia
756 2075 1040 2159 Brandenburgioa
1063 2075 1291 2142 affixissisent.
1321 2079 1398 2162 Spe-

258 2208 332 2252 rare
354 2208 388 2254 se
411 2188 585 2256 electorem
607 2210 712 2273 neque
734 2189 955 2281 immemorem
977 2188 1046 2253 fore
1074 2186 1215 2252 foederis
1239 2209 1285 2252 ao
1314 2192 1392 2254 1591

258 2299 342 2364 inter
367 2306 478 2383 patres
511 2302 681 2382 utriusque
713 2300 868 2382 principis
901 2299 996 2377 facti,
1033 2319 1139 2382 neque
1168 2299 1246 2381 jura
1273 2303 1380 2366 maim

259 2430 352 2489 suae,
380 2430 464 2494 quae
486 2410 592 2474 Maria
614 2409 775 2474 Eleonora
797 2414 927 2472 mortua
949 2429 1041 2474 soror
1063 2415 1145 2474 natu
1172 2411 1325 2477 maxima
1348 2435 1389 2478 es

259 2525 309 2588 set
331 2521 435 2603 ducis,
459 2527 716 2606 oppugnaturum
739 2519 860 2600 esse.1⁹)

325 2634 414 2713 Quae
437 2655 500 2719 quo
523 2656 621 2700 sensu
644 2633 731 2700 dicta
755 2637 872 2714 essent,
896 2651 936 2696 ex
958 2630 1088 2713 scriptis
1103 2631 1205 2714 ipsius
1227 2630 1328 2698 facile
1346 2636 1389 2700 in·

172 2753 183 2778 '
262 2745 365 2827 telligi
398 2747 514 2828 potuit.
563 2747 612 2810 Ex
647 2745 784 2828 quibus‚'
814 2765 913 2827 quum
948 2741 1118 2806 Palatinus
1154 2742 1385 2826 Neoburgieus

263 2876 347 2940 quae
369 2855 458 2922 facta
479 2856 616 2936 unionis,
638 2877 676 2918 ae
699 2855 835 2920 ducatus
857 2859 965 2918 terrae
988 2871 1131 2934 unquam
1159 2853 1384 2937 dividerentur,

329 3105 365 3174 1⁷)
383 3109 417 3158 ol.
435 3107 614 3158 Historiseher
632 3106 793 3166 Sohauplata
811 3119 836 3154 x.
854 3119 880 3154 x.
898 3114 960 3164 pag.
980 3109 1020 3156 67.

329 3199 364 3265 1⁸)
378 3202 419 3250 Ex
437 3199 532 3248 litteris
544 3199 678 3248 Fiirstlieh
689 3198 891 3258 Neuburgisehe
904 3197 1035 3246 Patenten
1053 3208 1149 3258 wegen
1161 3197 1374 3258 apprehenditier

261 3307 286 3342 u.
306 3293 545 3352 Eingenommener
562 3289 716 3342 Possession
734 3289 782 3340 der
794 3289 1000 3340 Fiirstenthumb
1018 3290 1121 3355 Giiliolr‚
1141 3289 1222 3342 Cleua
1240 3293 1287 3342 und
1304 3294 1373 3356 Berg

261 3400 286 3434 x.
306 3386 331 3435 d.
349 3385 499 3435 Benradiae
517 3387 542 3435 d.
562 3391 585 3437 8.
603 3401 638 3438 m.
656 3385 732 3447 April
750 3383 793 3452 (st.
812 3383 858 3450 n).

330 3477 365 3547 1⁹)
384 3479 450 3530 dixit
467 3493 495 3530 se
513 3481 618 3531 unicum
636 3479 762 3530 heredem
776 3480 885 3530 ducatus
898 3479 1048 3530 habendum
1061 3491 1119 3529 esse
1139 3481 1166 3528 et
1183 3479 1289 3529 addidit:
1305 3481 1368 3530 daun

262 3575 296 3624 da
318 3575 427 3637 jemand
451 3575 553 3625 wieder
576 3574 737 3636 gleiehwohl
762 3575 854 3624 besser
876 3574 1013 3625 verhoffen
1036 3573 1092 3623 sich
1115 3574 1287 3624 understeher
1306 3575 1365 3625 solte

262 3669 350 3719 dieser
371 3683 483 3720 unserer
500 3670 708 3732 rechtmessigen
725 3669 927 3730 Apprehension
949 3669 1002 3718 und
1023 3669 1223 3728 angetrettener
1240 3670 1364 3720 Erbsehaft

262 3778 296 3814 au
314 3763 509 3814 wiederretaen
527 3767 591 3816 oder
608 3779 657 3816 uns
674 3763 750 3814 darin
769 3739 857 3824 eiiiige
869 3763 1015 3813 Turbation
1033 3762 1098 3812 oder
1115 3751 1267 3824 Hinderun'g
1281 3777 1308 3814 au
1323 3777 1360 3814 au·

264 3858 357 3920 liigen:
380 3858 538 3918 gagauden
562 3860 627 3910 oder
648 3858 785 3910 dieselben
808 3858 873 3908 thun
897 3857 947 3906 wir
969 3870 1018 3906 uns
1036 3856 1093 3906 auff
1114 3857 1167 3908 den
1185 3858 1243 3908 Fall
1258 3858 1302 3908 alle
1320 3870 1358 3918 ge·
1449 3855 1450 3876 ¹

263 3951 401 4004 biihrende
419 3951 565 4001 Defension
583 3954 636 4002 und
654 3953 828 4004 vindicatione
845 3952 930 4000 mittel
948 3951 1130 4002 vorbehalten.

331 4045 507 4107 Wolsgangus
529 4059 633 4108 semper
659 4047 692 4096 de
719 4045 853 4096 veteribus
882 4045 1033 4096 foederibus
1059 4057 1126 4107 qnae
1156 4045 1225 4095 inter
1246 4045 1355 4096 Brundes-

263 4141 361 4202 burgos
379 4141 406 4192 et
423 4139 558 4218 Palatinos
580 4141 650 4189 facta
668 4142 756 4192 esseut
778 4141 860 4192 verba
878 4139 955 4204 fecit,
978 4150 1135 4202 quamquam
1152 4153 1205 4190 non
1225 4140 1355 4203 ingnoraiat

265 4235 395 4292 ‚Ioannem
413 4234 609 4298 sigismundum
628 4246 660 4284 ea
677 4247 809 4301 uunquam
828 4234 1020 4296 comprobasse.
1051 4236 1084 4285 ci.
1102 4246 1163 4302 pag.
1183 4241 1223 4288 31.
