2982 5032
728 214 962 280 -128—

282 402 347 468 Alii
368 402 401 466 in
424 401 495 467 aliis
517 401 632 485 pugnis
647 399 698 466 vel
720 401 875 466 trucidati
897 405 990 466 erant
1011 401 1064 470 vel
1085 402 1181 486 eapti.
1214 403 1324 486 ltaque
1343 425 1386 468 ex-

283 513 402 578 ereitus
423 511 593 596 Leopoldi,
622 533 721 596 quum
744 510 951 578 Possidentes
979 518 1013 578 et
1039 513 1117 578 socii
1139 513 1335 578 obsidionem
1351 515 1388 578 in·

283 629 453 710 oeperunt,
476 622 612 698 duorum
634 622 702 688 fere
724 623 849 688 milium
871 623 933 690 fuit
954 624 1103 693 militum.

346 734 550 818 Francogalli
565 756 637 800 cum
653 740 725 800 octo
741 734 871 800 milibus
886 734 1034 817 peditum
1049 741 1082 802 et
1097 735 1162 802 duo
1178 736 1307 802 milibus
1317 737 1390 819 equi-

282 852 353 910 turn
375 867 410 912 se
433 845 590 912 affuturos
614 866 699 928 esse,
722 845 949 930 promiserant.

347 958 429 1024 Tum
455 957 562 1024 medio
590 958 694 1026 mensi
720 955 808 1022 lulio
835 955 1037 1038 Franeogalli
1064 980 1166 1045 nsque
1197 958 1243 1024 ad
1265 957 1391 1024 Ouenan

283 1069 397 1136 urbem
424 1069 588 1152 progressi
616 1067 754 1152 sunt¹¹⁰).
799 1072 942 1149 Quorum
969 1074 1042 1138 Dux
1073 1069 1285 1150 Chastraeus,
1312 1089 1392 1152 quum

283 1180 414 1244 nuutios
436 1179 627 1262 accepisset,
656 1179 822 1262 Spinolam
852 1189 965 1249 eontra
991 1181 1220 1265 Francogallos
1250 1178 1393 1264 profectu-

283 1311 356 1354 rum
379 1308 464 1371 esse,
494 1290 683 1356 Mauritium
703 1293 881 1377 prinoipem
903 1300 941 1360 111
962 1295 1135 1368 transitum
1158 1291 1319 1356 exereitus
1338 1293 1393 1352 tue·

284 1405 390 1482 retur,
419 1400 659 1468 cohortabatur.
709 1401 769 1480 Qui
802 1407 864 1470 etsi
889 1406 1097 1490 promiserat,
1125 1403 1251 1470 auxilia
1281 1399 1322 1466 ad
1340 1398 1394 1463 Mo

286 1511 401 1576 sellam
424 1532 459 1576 se
480 1512 653 1581 missurum
676 1533 765 1596 esse,
788 1520 899 1581 tamen
920 1493 1001 1581 tunc¹
1020 1516 1146 1597 dicens,
1169 1514 1331 1597 seipsum
1349 1509 1394 1574 mi-

285 1621 380 1688 htum
407 1643 538 1688 suorum
560 1644 660 1707 opera
682 1646 794 1692 carere
820 1648 885 1692 non
910 1648 1022 1710 posse,
1049 1627 1153 1692 Rheni
1179 1625 1350 1708 trajectum
1373 1618 1395 1682 ei

286 1735 463 1818 proposuit.
507 1734 639 1798 Elector
659 1735 828 1802 Palatinus
851 1743 964 1804 eontra
987 1737 1154 1802 eonsihum
1175 1734 1283 1815 dedit,
1303 1729 1395 1797 utmi·

286 1844 362 1910 lites
385 1865 481 1927 quem
503 1850 601 1910 antea
625 1845 843 1912 destinassent
858 1848 1014 1914 Mosellae
1035 1847 1226 1926 transitum,
1249 1844 1394 1927 eligerent.

288 1953 448 2020 Contrarii
469 1955 574 2020 nuntii
595 1977 659 2020 non
682 1957 785 2022 solum
809 1958 983 2024 adventum
1002 1957 1291 2041 Francogallorum
1310 1959 1395 2018 retar-

288 2064 425 2148 dabant,
458 2066 516 2132 sed
544 2067 641 2134 etiam
669 2074 737 2134 tam
765 2070 885 2134 iratum
911 2067 1094 2135 reddebant
1121 2067 1346 2145 Chastraeum,
1367 2067 1395 2126 ut

287 2176 321 2242 in
346 2178 489 2260 patriam
516 2179 681 2261 rediisset,
719 2180 782 2246 nisi
811 2181 931 2246 certior
959 2179 1065 2246 faetus
1089 2186 1191 2260 esset,
1225 2174 1395 2242 Mauritiun

287 2287 396 2352 Juliae
417 2309 482 2353 non
508 2295 576 2354 tam
599 2290 831 2373 expugnandae
859 2313 955 2375 quam
981 2291 1172 2356 retinendae
1194 2290 1316 2355 habere
1336 2305 1396 2349 cou-

288 2398 404 2464 silium.
448 2398 613 2476 Quomodo
640 2399 763 2466 factum
790 2408 853 2484 est,
881 2409 918 2467 nt
939 2403 994 2468 ille
1021 2402 1142 2468 invidia
1164 2400 1307 2485 quadam
1327 2415 1396 2460 eom-

288 2513 395 2574 motus
418 2508 539 2574 Juliam
560 2531 672 2576 versus
694 2513 944 2595 progrederetur
954 2514 1012 2596 ¹¹¹).

352 2619 391 2686 D.
408 2620 458 2686 26.
480 2642 522 2684 m.
537 2619 617 2702 Jul,
640 2622 812 2688 Mauritius
834 2624 991 2690 Auraicus
1014 2623 1057 2690 ad
1079 2623 1191 2688 villam
1217 2617 1395 2686 Moerschia

288 2752 377 2812 nam,
400 2751 484 2815 quae
507 2731 740 2799 semimilliario
763 2756 784 2800 a
805 2734 893 2800 Julia
916 2735 1025 2818 distat,
1049 2740 1159 2800 castra
1180 2733 1298 2816 posuit.
1332 2729 1395 2794 Pro·
1455 2799 1456 2832 r

288 2841 375 2914 ximo
398 2840 465 2923 die,
489 2861 588 2924 quum
611 2840 813 2909 Christianus
835 2846 955 2910 milites
979 2867 1053 2913 suos
1076 2845 1273 2926 adduxerat,
1302 2858 1396 2906 consa·
1455 2909 1456 2914 ,

288 2951 406 3018 lutatio
421 2953 618 3020 amicissima
632 2954 718 3020 inter
734 2960 888 3039 utrosque
908 2957 1069 3022 exereitus
1091 2956 1180 3022 iacta
1204 2961 1265 3020 est.
1308 2952 1343 3016 D.
1356 2947 1395 3012 29·

288 3085 331 3131 m.
346 3063 414 3130 Juli
447 3065 560 3148 copiae
594 3065 717 3131 divisae
753 3071 836 3130 sunt.
890 3067 1046 3150 Legiones
1080 3065 1287 3132 Britannicae
1312 3063 1395 3144 inpe-

288 3175 337 3241 rio
354 3174 526 3240 Christiani
542 3176 791 3260 subjungrmtur,
814 3177 870 3260 qui
891 3183 968 3242 tuno
989 3199 1102 3242 novem
1123 3177 1254 3242 rnihbus
1276 3173 1394 3239 militum

290 3285 448 3372 praefuit,
475 3285 647 3352 Mauritius
680 3292 790 3352 autem
821 3287 932 3352 decem
954 3287 1093 3354 milibus.
1137 3287 1328 3352 Anhaltinus
1351 3278 1395 3345 ad·

289 3417 402 3462 versus
434 3397 548 3462 urbem
581 3399 687 3491 stetit,
720 3398 893 3464 Mauritius
922 3399 956 3464 in
988 3405 1096 3465 monte
1130 3396 1287 3484 quodam,
1316 3407 1394 3478 quem

292 3549 496 3562 ·········-·-
1455 3545 1456 3582 l

1455 3583 1456 3612 1

360 3634 408 3702 11⁰)
426 3636 566 3688 Exercitus
583 3637 819 3697 Francogallorum
837 3643 851 3688 8
869 3637 970 3688 milium
988 3638 1107 3699 peditum
1125 3639 1187 3704 luit,
1208 3637 1271 3688 mile
1288 3629 1392 3684 ducento-
1455 3621 1456 3678 l

292 3743 350 3780 rum
372 3730 496 3792 equitum.
533 3730 599 3782 Cum
618 3731 764 3782 Chastraeo
785 3732 915 3793 praetecti
937 3734 1014 3784 erant
1035 3734 1144 3784 comites
1167 3732 1201 3782 de
1218 3727 1311 3782 Rohan
1331 3727 1354 3776 et
1367 3720 1392 3769 de
1455 3775 1456 3810 ἦ

291 3823 391 3888 Rosuy.
426 3825 468 3874 Ex
490 3824 603 3885 epistola
620 3825 733 3878 Villeroi
756 3826 826 3886 apud
848 3827 991 3878 Boderium
1012 3827 1048 3878 11.
1070 3841 1097 3888 p.
1112 3833 1158 3879 111
1182 3826 1276 3889 (11.11.
1297 3816 1391 3874 m,Juu.
1455 3811 1456 3898 l

293 3920 378 3980 raro).
1083 3985 1091 3992 ,

361 4009 407 4077 111)
431 4013 471 4062 Eo
488 4013 548 4074 jam
570 4014 689 4074 tempore
708 4013 812 4074 Regina
834 4014 891 4064 sola
913 4014 1043 4065 rationem
1060 4013 1170 4065 Henrici
1192 4012 1312 4065 servabat
1328 4033 1355 4044 -
1369 4001 1391 4052 ll

293 4104 331 4154 ait
343 4105 475 4170 Villeroy:
491 4107 596 4168 jalouse
614 4108 648 4158 de
666 4106 852 4159 l’observation
871 4107 904 4158 de
921 4108 948 4157 la
966 4108 1003 4158 foi
1019 4109 1056 4158 du
1072 4109 1119 4158 ‘teu
1129 4108 1197 4174 Roy,
1215 4119 1263 4157 son
1278 4105 1391 4164 seigneur·

294 4199 327 4249 de
345 4200 372 4250 la
388 4199 503 4252 Bodetia
520 4206 618 4267 11191,
640 4207 697 4268 113,
719 4207 767 4253 111
787 4214 820 4252 ex
836 4201 934 4252 litteris
952 4215 969 4252 a
985 4201 1098 4254 Villeroi
1116 4201 1141 4251 d.
1154 4207 1184 4253 11
1205 4203 1233 4252 11
1251 4207 1289 4252 21.
1306 4190 1390 4249 1111111·

294 4291 372 4344 datis.
