2982 5032
721 221 954 284 -104-

348 409 431 488 Quia
465 415 522 493 pot
508 414 612 474 testas
639 409 846 492 imperatoris
878 409 929 488 ,in
955 407 1058 476 libero
1087 408 1225 476 arbitrio
1254 407 1396 473 consistat

283 541 362 587 suae
391 505 583 605 Maiestatis,
618 519 669 584 cui
705 517 786 586 nihil
814 520 858 584 sit
887 518 1201 605 praescribendum.“
1252 519 1398 584 Pereunt

283 631 529 715 Brandeuburgi
550 630 696 696 mandat'
672 635 715 696 trs
736 629 941 714 imperatoris
965 635 1103 715 atque„
1107 631 1204 698 aulae
1227 630 1399 696 Caesareae

284 765 318 808 se
352 741 561 808 submittant“
600 763 755 825 armaque
789 741 970 826 deponant,
1002 741 1142 826 denique
1176 761 1265 826 quae
1300 747 1401 807 contra

285 855 521 920 commissarios
536 853 665 918 Rudolfi
680 853 924 935 attentaverint,
940 853 1163 939 deprecentur.
1196 853 1293 930 Quae
1306 853 1336 918 si
1349 873 1401 917 non

284 965 374 1046 fiant,
397 965 577 1030 Saxonibus
601 985 672 1030 cunr
696 964 959 1048 Brandenburgie
982 965 1061 1032 nihil
1083 963 1249 1048 egendum
1274 963 1386 1046 essc.’‘)

241 1105 245 1110 ·
349 1075 505 1140 Similiter
520 1075 665 1141 Saxones
687 1075 717 1140 d.
734 1075 784 1139 22.
799 1095 841 1139 ιι.
856 1075 950 1140 Febr.
974 1073 1091 1140 Unioni
1105 1075 1238 1140 litteras
1253 1073 1401 1140 reddunt:

285 1191 494 1268 argumenta,
517 1207 601 1270 quae
628 1185 686 1250 illa
713 1207 772 1270 pro
794 1207 877 1270 pace
905 1186 991 1250 inter
1010 1185 1162 1264 ‚Saxones
1185 1192 1221 1252 et
1244 1183 1404 1250 Brandeu-

287 1295 675 1380 burgosreoonciliando
705 1296 878 1378 attulerat,
904 1297 1077 1382 repellunt.
1128 1295 1302 1379 Principes
1330 1296 1403 1360 inter

286 1413 398 1473 cetera
417 1408 625 1492 scripserant,
649 1413 801 1474 caverent
824 1407 977 1488 Saxones,
1005 1428 1045 1472 ne
1068 1407 1252 1488 crederent,
1275 1408 1404 1490 impera·

286 1525 390 1586 torem
405 1525 612 1602 sequestrum
626 1518 678 1583 vel
693 1517 857 1584 Saxonum
871 1518 905 1583 in
920 1518 1123 1586 commodum
1137 1519 1189 1584 vel
1203 1519 1295 1585 alius
1311 1518 1402 1602 cujus

285 1643 348 1714 que
376 1627 622 1724 Praetendentie
644 1631 781 1695 misisse.
824 1629 915 1696 Haec
942 1629 1073 1714 quidem
1102 1629 1290 1696 Saxones
1280 1631 1344 1713 ipsi
1363 1649 1404 1694 re·

284 1743 392 1808 futare
414 1761 477 1806 non
502 1747 672 1825 poterant:
705 1761 769 1806 ιοι
795 1733 968 1823 negabant,
996 1740 1195 1858 leopoldum
1224 1741 1403 1808 commissa-

285 1854 370 1918 rium
393 1872 427 1917 se
451 1873 563 1935 aegros
586 1851 720 1934 ferre.²⁵l

349 1964 470 2030 Tamen
491 1961 672 2060 principum
694 1984 765 2028 esse
787 1964 979 2046 imperatori
1001 1984 1132 2047 parere:
1150 1984 1231 2030 ιιιι
1257 1961 1403 2049 qnandiu

285 2077 427 2160 imperat
429 2097 464 2138 οι
499 2080 597 2153 esset,
625 2074 752 2139 tamdiu
779 2075 940 2200 pruscipee
968 2081 1003 2140 et
1029 2075 1112 2139 elect
1098 2079 1186 2140 tores
1214 2077 1250 2140 in
1276 2073 1400 2159 imperio

287 2188 479 2253 Germanico
501 2184 617 2269 fore-⁹⁶)

351 2299 502 2382 Nihilque
531 2315 632 2380 opera
662 2294 839 2362 Christiani
864 2295 990 2363 Daniae
1016 2297 1103 2380 regis
1125 2296 1276 2381 profecit,
1300 2296 1354 2381 qui
1373 2314 1400 2358 se

286 2412 371 2492 inter
384 2407 664 2489 Brandenburg'cs.
678 2411 713 2471 et
734 2406 878 2472 Saxones
899 2429 933 2472 se
954 2409 1221 2491 inter-positurum
1238 2429 1321 2490 esse,
1338 2427 1401 2490 pro

286 2520 434 2586 miserat.
473 2519 618 2584 Saxones
639 2517 905 2584 intercessionem
928 2519 997 2603 ejus
1018 2517 1220 2602 rejiciuutdl)

287 2811 374 2862 ciuem
396 2809 577 2860 Gehcrsarnen
603 2807 693 2858 standt
732 2807 786 2858 Des
818 2807 916 2859 Reichs
944 2809 991 2858 Ihr
1012 2809 1078 2872 Myt.
1107 2809 1210 2860 colchos
1234 2784 1400 2862 annumuthen

287 2903 424 2966 gebuhren
442 2902 542 2966 wenta,
560 2913 618 2952 cnm
641 2901 691 2952 hoc
709 2901 836 2952 consistat
853 2902 880 2952 ln
898 2889 987 2954 libero
1001 2902 1111 2953 arbitrio
1130 2916 1194 2956 suae
1211 2893 1267 2954 Me.
1287 2903 1329 2955 oui
1344 2898 1399 2951 nihil

288 3000 329 3050 est
346 2997 590 3059 praescribendum.
609 2995 688 3047 Arch.
707 2995 776 3046 dnh.
794 2997 871 3046 Dese.

347 3090 391 3157 ἰιι
408 3092 530 3154 Epistola
551 3091 643 3140 finitur
665 3091 707 3140 his
727 3091 828 3141 verbis:
855 3091 933 3142 sollte
960 3091 1025 3142 aber
1042 3091 1148 3142 sclches
1169 3104 1220 3142 von
1236 3090 1271 3142 E.
1290 3092 1321 3141 h.
1338 3085 1398 3138 nicht

288 3186 447 3250 geschehen,
465 3197 494 3234 so
504 3183 683 3234 erolarenwir
700 3185 865 3236 unshiermlt
883 3179 1081 3236 schliessllchen
1099 3185 1155 3236 und
1169 3187 1305 3237 eutliohen
1322 3179 1398 3242 dahln,

289 3281 350 3330 dass
372 3277 423 3328 ιιιι
439 3277 545 3330 hinffiro
563 3277 638 3330 nicht
655 3277 788 3338 gemeinet
803 3279 892 3344 scien,
915 3280 1021 3345 ahsqno'
1039 3291 1167 3330 consensu
1190 3282 1217 3330 et
1234 3271 1397 3340 praescientia

288 3371 460 3434 Imperatoris
477 3385 557 3424 unser
574 3385 607 3422 uu
617 3373 793 3433 Naumburgk
812 3373 1023 3434 autgerichteten
1035 3373 1124 3426 Unien
1137 3373 1273 3424 rnwleder
1284 3374 1311 3423 in
1322 3367 1397 3426 einitl

287 3469 431 3529 Handlnng
448 3468 513 3520 odcr
531 3467 776 3518 zusammcnkuufft
794 3481 827 3517 ιιι
846 3467 973 3528 willigen.
1009 3467 1088 3518 Arch.
1107 3467 1176 3518 Anh.
1194 3467 1271 3518 Desa.

355 3561 392 3630 ²⁵)
410 3563 451 3612 Ex
469 3563 581 3623 epistola
598 3559 698 3612 Unloni
716 3562 741 3611 d.
761 3567 801 3612 ιι.
820 3573 854 3611 ιι.
873 3563 952 3612 Febr.
972 3567 1038 3613 1610
1057 3563 1132 3612 date:
1151 3561 1344 3612 ...Sok'duneu
1357 3552 1396 3604 wir

287 3659 320 3710 E.
329 3658 361 3708 L.
379 3657 431 3707 und
450 3655 525 3707 Ench
543 3656 617 3708 nicht
634 3657 742 3720 bergen,
765 3657 814 3706 das
836 3657 887 3706 wir
904 3669 954 3707 von
973 3657 1012 3706 Ih.
1030 3655 1062 3705 L.
1081 3653 1246 3716 Abordnung
1263 3655 1345 3706 nichts
1359 3661 1394 3709 ιθ·

289 3754 379 3802 uuest.
415 3750 480 3800 Sind
502 3760 565 3801 unse
587 3751 655 3802 anch
679 3751 734 3800 aleo
758 3751 854 3801 balden
877 3750 979 3814 darbey
1007 3751 1059 3801 vlel
1087 3751 1241 3811 ecrgleltlge
1265 3745 1394 3802 cauden
1468 3819 1469 3834 χ

289 3844 459 3910 ιιιςοιιιιιιι,
477 3845 543 3894 undt
561 3844 660 3894 wolten
679 3845 741 3893 wlre
759 3843 860 3896 Unsers
877 3839 979 3894 Theills
997 3844 1050 3896 viel
1068 3837 1318 3896 licheriorbllehcn
1333 3848 1385 3902 ιοιι

288 3941 340 3991 ιιι
357 3939 454 3989 haben.
489 3938 568 3988 hrch.
587 3937 655 3988 Anh.
1172 3963 1175 3968 ·
1257 3981 1260 3988 .

293 4063 300 4073 ·
357 4031 392 4096 ¹⁶}
411 4033 522 4085 Dicunt:
541 4045 577 4084 sc
599 4033 679 4093 lenge
701 4033 751 4082 wir
773 4033 851 4084 einen
873 4033 992 4096 Keysser
1014 4034 1112 4094 haben,
1140 4033 1249 4084 werdon
1272 4031 1322 4084 wir
1339 4022 1392 4078 euch

288 4129 375 4181 Khur·
393 4129 446 4179 und
465 4125 580 4178 Fiirsten'
597 4127 711 4178 hleiben.
733 4128 826 4178 Aroh.
845 4127 913 4178 Anh.
1014 4145 1018 4154 ·

356 4220 392 4289 ιιι
410 4222 558 4285 epistolam
585 4221 965 4283 remunerantem.
993 4166 1281 4274 Ferentaneae:
1309 4213 1391 4278 nul

289 4321 397 4383 praetor
414 4321 505 4371 cetera
522 4319 659 4380 leguntur:
677 4318 810 4380 principes
830 4317 942 4388 (hatten)
933 4318 994 4380 )in
1014 4318 1064 4368 der
1082 4331 1115 4369 zu
1132 4315 1306 4380 Naumhurgr
1322 4313 1391 4378 (cll-

1467 4381 1469 4478 l
