2982 5032
726 277 770 292 ..
813 243 941 310 80·-

335 433 408 496 Ηιιο
438 431 583 512 accessit,
614 430 701 514 quod
730 437 765 496 et
790 430 913 495 elector
942 423 1104 511 ducesque
1123 425 1287 492 'Saxonici
1321 433 1390 492 ante

269 543 500 626 imperatorem
523 541 691 607 conatibus
712 540 939 606 Possidentnm
960 540 1223 604 intercesserunt.
1279 537 1392 620 Itaque

272 673 356 736 quae
386 653 560 718 Mauritius
575 655 578 664 “
594 652 704 717 landio
733 652 777 716 ad
812 646 1046 717 controversias
1079 647 1158 714 illas
1197 642 1429 759 unimanus

271 765 459 847 susceperit,
482 783 521 829 ec
543 763 645 847 magis
668 761 886 829 collaudanda
907 759 1067 826 videntur.

633 1055 677 1122 Dc
700 1054 867 1122 conatibus
888 1053 1055 1122 Saxonum.

315 1191 424 1268 'Quae
448 1195 481 1254 et
502 1188 738 1254 Hellandorum
761 1193 794 1254 et
814 1186 1099 1268 Francogallorum
1125 1182 1225 1268 legati
1253 1190 1290 1250 et
1314 1182 1397 1247 Hen—
1466 1185 1467 1228 ἶ

271 1303 357 1368 ricus
379 1301 448 1384 ipse
471 1305 705 1383 postmortem
728 1297 863 1364 Joanuis
886 1295 1038 1362 Guilelmi
1061 1296 1151 1360 ducis
1174 1300 1396 1380 speraverant,
1466 1359 1467 1386 ,

271 1413 434 1498 principes
458 1409 648 1494 Saxonioos,
676 1410 864 1495 pactionum
891 1407 932 1472 de
959 1413 1073 1474 mutua
1099 1405 1305 1477 successione
1329 1425 1397 1470 cum

273 1525 404 1591 civitate
434 1521 720 1604 Brandenburgica
749 1518 909 1586 factorum
939 1537 1114 1600 memores,
1143 1519 1177 1583 in
1200 1538 1245 1582 re
1269 1515 1397 1582 Juliaca

272 1629 421 1695 electoris
443 1633 587 1716 partium
614 1632 741 1697 futuros
765 1629 905 1715 esse,¹³⁸)
934 1634 1060 1694 tantum
1090 1629 1222 1711 aberat,
1249 1634 1290 1693 ut
1311 1631 1397 1692 recte

272 1742 459 1824 sensissent,
482 1721 598 1808 utnon
612 1741 707 1808 modo
724 1741 766 1808 ab
785 1743 982 1826 imperatore
996 1740 1223 1808 investituram
1236 1741 1397 1824 peterent,

272 1851 331 1916 sed
354 1853 452 1918 etiam
475 1853 610 1920 Joannis
631 1852 830 1936 Sigismundi
852 1849 1187 1936 proscriptionem.¹³⁹)

359 1963 444 2041 Quos
473 1970 511 2030 ut
541 1965 582 2030 ab
613 1963 683 2048 ejus
713 1963 802 2030 modi
831 1963 999 2030 conatibus
1023 1965 1191 2043 avocaret,
1206 1959 1397 2040 Mauritius,

273 2057 372 2159 quum
402 2074 454 2140 die
478 2078 507 2142 5.
523 2097 565 2141 m.
581 2075 645 2141 Jul.
672 2075 800 2140 Ἰι’[ιιιιιιιιθ
823 2073 979 2142 Gasimirc
1007 2072 1089 2138 duce
1123 2072 1224 2138 citato
1257 2069 1400 2136 Isehers-
1466 2111 1467 2160 f

271 2183 462 2252 hauseniam
492 2207 526 2252 se
557 2187 765 2268 contulisset,
796 2185 981 2272 proposuit,
1002 2189 1041 2249 ut
1070 2183 1122 2248 vel
1151 2181 1398 2259 successionem,

273 2317 357 2380 quae
380 2303 526 2380 tempore
548 2297 780 2380 praetermisso
807 2293 1026 2381 postularent,
1054 2293 1183 2360 omnino
1210 2293 1398 2378 abjicerent,

272 2407 324 2471 vel
357 2407 386 2471 si
418 2425 488 2472 rem
524 2407 713 2474 continuare
743 2408 880 2489 vellent,
911 2407 998 2472 viam
1031 2425 1115 2488 „non
1145 2405 1230 2490 juris
1261 2405 1299 2470 in
1327 2399 1399 2470 aula
1466 2407 1467 2424 ¹

272 2513 436 2583 Caesarea
457 2537 561 2602 neque
576 2517 665 2600 facti,
688 2538 772 2603 quae
786 2517 939 2602 periculis
953 2517 1051 2602 plena
1065 2517 1119 2598 sit,
1142 2515 1201 2582 sed
1216 2512 1397 2583 amicabilis

272 2627 442 2712 cujusdam
463 2629 726 2713 compositionis“
746 2629 876 2695 inirent.

271 2917 366 2978 bergis
378 2916 554 2975 nuntiaverat.
568 2917 710 2983 principes,
728 2917 774 2982 qui
786 2917 850 2969 illuc
865 2905 1055 2982 convenissent,
1068 2930 1125 2968 rem
1136 2914 1397 2977 Brandenburgicam
1466 2911 1467 2922 ¹

270 3013 373 3073 majore
386 3013 537 3073 complexos
550 3012 631 3087 fnisse
644 3015 734 3064 mucre
753 3024 833 3076 quam
850 3013 1055 3077 Neoburgicam,
1073 3011 1101 3062 in
1119 3007 1395 3070 epistolatim.

272 3105 335 3156 data
353 3106 468 3168 itemque
486 3105 514 3155 in
531 3105 629 3157 litteris
646 3103 834 3156 ad‘dominum
851 3114 868 3156 a
885 3105 997 3155 Diskaw
1015 3102 1120 3166 scriptis
1133 3102 1266 3170 (nisorpt.)
1279 3103 1396 3154 Neubur·

271 3211 319 3258 gos
332 3213 379 3248 sua
389 3201 452 3260 jura
463 3213 549 3259 nuper
560 3202 623 3249 ante
635 3211 727 3260 regem
738 3199 943 3260 Francogalliae
953 3198 1093 3248 deduxisse
1105 3197 1174 3260 „und
1187 3197 1336 3248 denselben
1349 3193 1396 3245 fast

273 3291 499 3352 eingenommen.“
535 3292 655 3343 Joannes
672 3292 818 3356 Nassovius
840 3291 957 3342 dixerat:
988 3289 1022 3341 So
1040 3293 1110 3343 wird
1131 3291 1202 3342 alles
1216 3291 1395 3360 wahrgencm·

271 3397 341 3450 men,
358 3397 415 3435 was
433 3363 486 3436 den
503 3385 615 3438 Lenden
631 3387 686 3436 and
703 3387 848 3438 besonders
866 3385 927 3437 dem
945 3384 1037 3436 Churi.
1055 3397 1108 3438 ven
1122 3383 1320 3449 Brandenburg
1341 3393 1395 3434 aum

272 3479 367 3530 beaten
384 3479 495 3530 scheint.

339 3569 390 3640 138)
407 3573 525 3624 Jeannin
541 3574 574 3626 V.
594 3579 643 3626 326
661 3587 717 3636 seq.

267 3659 271 3666 ⁴
340 3661 389 3732 ¹³⁹)
408 3649 550 3718 saxoniam
568 3665 766 3718 remJuliacam
783 3679 831 3728 per
848 3665 959 3716 multum
975 3667 1080 3726 tempus
1091 3655 1249 3732 neglexisse,
1268 3663 1349 3716 etiam
1365 3675 1394 3714 ex

272 3755 306 3808 iis
322 3757 436 3821 intelligi
453 3762 549 3822 potest,
568 3773 636 3822 quae
654 3759 798 3810 consiliarii
817 3759 949 3824 electoris,
967 3757 1062 3822 quibus
1077 3759 1140 3820 jnra
1156 3749 1295 3822 utriusque
1312 3759 1393 3810 lineae

273 3851 444 3914 dijudicanda
456 3853 556 3903 tradita
574 3853 659 3918 erant,
677 3853 830 3903 attuleruut.
849 3853 890 3904 Ex
908 3855 1038 3904 relatione
1055 3865 1144 3904 rerum
1160 3850 1392 3904 Icherrhauseniac

272 3947 407 4004 gestarum
424 3946 828 4007 morpt.ner01.n³0amentes
851 3947 879 3998 in
902 3945 1062 3998 refutatione
1081 3949 1172 4009 jurum
1196 3945 1331 3999 Saxonum
1351 3944 1391 4012 (ci.

216 4043 218 4046 ’
272 4039 416 4100 appellatio
439 4037 525 4099 prima
546 4039 572 4088 d.
595 4017 619 4088 ι’.
641 4039 709 4102 nug.
737 4040 820 4104 iacta)
843 4041 947 4106 dicunt,
970 4039 1076 4090 ordines
1100 4038 1214 4091 edixisse
1239 4041 1303 4104 ,das
1328 4039 1389 4090 nic·

272 4131 404 4184 mahlen
422 4134 475 4195 bey
491 4115 585 4182 Leben
602 4131 667 4182 oder
684 4133 753 4183 auch
769 4131 841 4182 Todt
862 4133 934 4184 ihres
956 4132 1168 4194 abgestcrberien
1189 4133 1279 4185 lenton
1297 4131 1391 4184 Lands·

274 4221 375 4288 iiirsten
392 4226 446 4274 und
463 4225 575 4289 Horren,
593 4225 680 4275 dieser
697 4225 867 4286 praetension
884 4227 962 4277 unter
980 4227 1039 4277 dem
1051 4223 1166 4278 nahmen
1184 4227 1233 4278 der
1245 4225 1389 4280 Interessir-
1466 4245 1467 4248 ¹

273 4315 320 4364 ten
336 4317 418 4366 herm
434 4317 550 4377 gedaeht
566 4318 683 4370 worden.
719 4317 837 4368 Primum
854 4317 989 4370 Saxonum
1006 4319 1124 4380 legatum
1147 4322 1175 4371 in
1191 4321 1267 4373 dulia
1283 4331 1389 4374 comme·
