<?xml version="1.0" encoding="UTF-8"?>
<!DOCTYPE html PUBLIC "-//W3C//DTD XHTML 1.0 Transitional//EN"
    "http://www.w3.org/TR/xhtml1/DTD/xhtml1-transitional.dtd">
<html xmlns="http://www.w3.org/1999/xhtml" xml:lang="en" lang="en">
 <head>
  <title>
</title>
<meta http-equiv="Content-Type" content="text/html;charset=utf-8" />
  <meta name='ocr-system' content='tesseract 3.04.00' />
  <meta name='ocr-capabilities' content='ocr_page ocr_carea ocr_par ocr_line ocrx_word'/>
</head>
<body>
  <div class='ocr_page' id='page_1' title='image "./deimperiobrande00hassgoog/deimperiobrande00hassgoog_0087.png"; bbox 0 0 2982 5032; ppageno 0'>
   <div class='ocr_carea' id='block_1_1' title="bbox 735 307 947 370">
    <p class='ocr_par' dir='ltr' id='par_1_1' title="bbox 735 307 947 370">
     <span class='ocr_line' id='line_1_1' title="bbox 735 307 947 370; baseline -0.005 -14"><span class='ocrx_word' id='word_1_1' title='bbox 735 307 947 370; x_wconf 79' lang='grc'>..74-</span> 
     </span>
    </p>
   </div>
   <div class='ocr_carea' id='block_1_2' title="bbox 269 487 1393 2468">
    <p class='ocr_par' dir='ltr' id='par_1_2' title="bbox 273 487 1389 912">
     <span class='ocr_line' id='line_1_2' title="bbox 274 487 1385 586; baseline 0 -24"><span class='ocrx_word' id='word_1_2' title='bbox 274 495 636 580; x_wconf 85' lang='lat' dir='ltr'>Katzenollenbogensis</span> <span class='ocrx_word' id='word_1_3' title='bbox 675 497 747 561; x_wconf 88' lang='lat' dir='ltr'>oum</span> <span class='ocrx_word' id='word_1_4' title='bbox 789 487 915 562; x_wconf 80' lang='lat' dir='ltr'>Joanne</span> <span class='ocrx_word' id='word_1_5' title='bbox 947 493 1120 584; x_wconf 90' lang='lat' dir='ltr'>Bipontino</span> <span class='ocrx_word' id='word_1_6' title='bbox 1158 493 1385 586; x_wconf 81' lang='lat' dir='ltr'>Heidelbergao</span> 
     </span>
     <span class='ocr_line' id='line_1_3' title="bbox 273 595 1387 691; baseline -0.001 -18"><span class='ocrx_word' id='word_1_7' title='bbox 273 608 440 690; x_wconf 82' lang='lat' dir='ltr'>tractavit,</span> <span class='ocrx_word' id='word_1_8' title='bbox 468 607 648 691; x_wconf 83' lang='lat' dir='ltr'>Bongarsio</span> <span class='ocrx_word' id='word_1_9' title='bbox 671 609 704 672; x_wconf 87' lang='lat' dir='ltr'>et</span> <span class='ocrx_word' id='word_1_10' title='bbox 726 595 901 690; x_wconf 82' lang='lat' dir='ltr'>adjuvaute</span> <span class='ocrx_word' id='word_1_11' title='bbox 925 611 958 674; x_wconf 90' lang='lat' dir='ltr'>et</span> <span class='ocrx_word' id='word_1_12' title='bbox 980 607 1191 687; x_wconf 77' lang='lat' dir='ltr'>admonente,</span> <span class='ocrx_word' id='word_1_13' title='bbox 1217 627 1258 672; x_wconf 91' lang='lat' dir='ltr'>ne</span> <span class='ocrx_word' id='word_1_14' title='bbox 1286 612 1387 690; x_wconf 85' lang='lat' dir='ltr'>partes</span> 
     </span>
     <span class='ocr_line' id='line_1_4' title="bbox 275 711 1389 803; baseline -0.002 -19"><span class='ocrx_word' id='word_1_15' title='bbox 275 739 373 803; x_wconf 89' lang='lat' dir='ltr'>quam</span> <span class='ocrx_word' id='word_1_16' title='bbox 398 719 433 783; x_wconf 90' lang='lat' dir='ltr'>in</span> <span class='ocrx_word' id='word_1_17' title='bbox 463 739 499 784; x_wconf 88' lang='lat' dir='ltr'>re</span> <span class='ocrx_word' id='word_1_18' title='bbox 525 717 792 802; x_wconf 71' lang='lat' dir='ltr'>argentoratensi</span> <span class='ocrx_word' id='word_1_19' title='bbox 835 724 911 784; x_wconf 88' lang='lat' dir='ltr'>ante</span> <span class='ocrx_word' id='word_1_20' title='bbox 950 711 1002 784; x_wconf 87' lang='lat' dir='ltr'>his</span> <span class='ocrx_word' id='word_1_21' title='bbox 1035 714 1197 784; x_wconf 82' lang='lat' dir='ltr'>nonnullis</span> <span class='ocrx_word' id='word_1_22' title='bbox 1227 717 1318 784; x_wconf 89' lang='lat' dir='ltr'>annis</span> <span class='ocrx_word' id='word_1_23' title='bbox 1348 715 1389 782; x_wconf 82' lang='lat' dir='ltr'>f-</span> 
     </span>
     <span class='ocr_line' id='line_1_5' title="bbox 274 825 1268 912; baseline 0 -18"><span class='ocrx_word' id='word_1_24' title='bbox 274 830 394 896; x_wconf 87' lang='lat' dir='ltr'>oissent</span> <span class='ocrx_word' id='word_1_25' title='bbox 416 849 559 911; x_wconf 88' lang='lat' dir='ltr'>moram,</span> <span class='ocrx_word' id='word_1_26' title='bbox 584 833 617 894; x_wconf 90' lang='lat' dir='ltr'>et</span> <span class='ocrx_word' id='word_1_27' title='bbox 638 833 715 894; x_wconf 89' lang='lat' dir='ltr'>tuno</span> <span class='ocrx_word' id='word_1_28' title='bbox 738 827 989 912; x_wconf 75' lang='lat' dir='ltr'>adhiberent.¹²¹l</span> <span class='ocrx_word' id='word_1_29' title='bbox 1028 829 1030 836; x_wconf 82' lang='lat'>&#39;</span> <span class='ocrx_word' id='word_1_30' title='bbox 1265 825 1268 832; x_wconf 79' lang='grc'><strong><em>’</em></strong></span> 
     </span>
    </p>

    <p class='ocr_par' dir='ltr' id='par_1_3' title="bbox 270 935 1391 1586">
     <span class='ocr_line' id='line_1_6' title="bbox 337 935 1390 1025; baseline -0.003 -19"><span class='ocrx_word' id='word_1_31' title='bbox 337 941 443 1025; x_wconf 88' lang='lat' dir='ltr'>Atque</span> <span class='ocrx_word' id='word_1_32' title='bbox 467 945 500 1006; x_wconf 88' lang='lat' dir='ltr'>et</span> <span class='ocrx_word' id='word_1_33' title='bbox 511 939 663 1006; x_wconf 71' lang='lat' dir='ltr'>Joannes‘</span> <span class='ocrx_word' id='word_1_34' title='bbox 674 942 785 1005; x_wconf 88' lang='lat' dir='ltr'>tamen</span> <span class='ocrx_word' id='word_1_35' title='bbox 808 946 840 1005; x_wconf 86' lang='lat' dir='ltr'>et</span> <span class='ocrx_word' id='word_1_36' title='bbox 855 938 1060 1025; x_wconf 83' lang='lat' dir='ltr'>Magdalena,</span> <span class='ocrx_word' id='word_1_37' title='bbox 1075 935 1218 1005; x_wconf 79' lang='lat' dir='ltr'>Palatini</span> <span class='ocrx_word' id='word_1_38' title='bbox 1233 937 1390 1023; x_wconf 89' lang='lat' dir='ltr'>Bipontini</span> 
     </span>
     <span class='ocr_line' id='line_1_7' title="bbox 272 1048 1390 1136; baseline -0.003 -19"><span class='ocrx_word' id='word_1_39' title='bbox 272 1051 384 1134; x_wconf 83' lang='lat' dir='ltr'>vidua,</span> <span class='ocrx_word' id='word_1_40' title='bbox 407 1071 506 1136; x_wconf 90' lang='lat' dir='ltr'>quum</span> <span class='ocrx_word' id='word_1_41' title='bbox 535 1048 849 1117; x_wconf 79' lang='lat' dir='ltr'>administrationem</span> <span class='ocrx_word' id='word_1_42' title='bbox 880 1051 1016 1118; x_wconf 83' lang='lat' dir='ltr'>ducatus</span> <span class='ocrx_word' id='word_1_43' title='bbox 1043 1070 1108 1118; x_wconf 87' lang='lat' dir='ltr'>non</span> <span class='ocrx_word' id='word_1_44' title='bbox 1133 1048 1390 1132; x_wconf 81' lang='lat' dir='ltr'>Brandenburgis</span> 
     </span>
     <span class='ocr_line' id='line_1_8' title="bbox 272 1158 1391 1252; baseline -0.003 -24"><span class='ocrx_word' id='word_1_45' title='bbox 272 1159 368 1230; x_wconf 91' lang='lat' dir='ltr'>modo</span> <span class='ocrx_word' id='word_1_46' title='bbox 391 1160 624 1245; x_wconf 73' lang='lat' dir='ltr'>etNeoburgiS,</span> <span class='ocrx_word' id='word_1_47' title='bbox 648 1161 706 1228; x_wconf 87' lang='lat' dir='ltr'>sed</span> <span class='ocrx_word' id='word_1_48' title='bbox 729 1163 828 1228; x_wconf 92' lang='lat' dir='ltr'>etiam</span> <span class='ocrx_word' id='word_1_49' title='bbox 847 1161 912 1229; x_wconf 82' lang='lat' dir='ltr'>sibi</span> <span class='ocrx_word' id='word_1_50' title='bbox 933 1163 1013 1252; x_wconf 85' lang='lat' dir='ltr'>ipsis</span> <span class='ocrx_word' id='word_1_51' title='bbox 1035 1158 1154 1228; x_wconf 85' lang='lat' dir='ltr'>debere</span> <span class='ocrx_word' id='word_1_52' title='bbox 1176 1159 1391 1246; x_wconf 67' lang='lat' dir='ltr'>protulissent,</span> 
     </span>
     <span class='ocr_line' id='line_1_9' title="bbox 272 1271 1391 1359; baseline -0.004 -19"><span class='ocrx_word' id='word_1_53' title='bbox 272 1295 435 1359; x_wconf 87' lang='lat' dir='ltr'>quumque</span> <span class='ocrx_word' id='word_1_54' title='bbox 458 1273 693 1358; x_wconf 84' lang='lat' dir='ltr'>postulassent,</span> <span class='ocrx_word' id='word_1_55' title='bbox 722 1279 759 1339; x_wconf 90' lang='lat' dir='ltr'>ut</span> <span class='ocrx_word' id='word_1_56' title='bbox 781 1273 909 1342; x_wconf 86' lang='lat' dir='ltr'>ordines</span> <span class='ocrx_word' id='word_1_57' title='bbox 932 1272 993 1340; x_wconf 90' lang='lat' dir='ltr'>sibi</span> <span class='ocrx_word' id='word_1_58' title='bbox 1015 1293 1143 1358; x_wconf 88' lang='lat' dir='ltr'>quoque</span> <span class='ocrx_word' id='word_1_59' title='bbox 1168 1271 1391 1357; x_wconf 87' lang='lat' dir='ltr'>jusjurandum</span> 
     </span>
     <span class='ocr_line' id='line_1_10' title="bbox 270 1378 1391 1470; baseline -0.002 -20"><span class='ocrx_word' id='word_1_60' title='bbox 270 1391 488 1470; x_wconf 84' lang='lat' dir='ltr'>praestarent,</span> <span class='ocrx_word' id='word_1_61' title='bbox 511 1378 651 1469; x_wconf 82' lang='lat' dir='ltr'>majores</span> <span class='ocrx_word' id='word_1_62' title='bbox 673 1386 719 1451; x_wconf 89' lang='lat' dir='ltr'>ibi</span> <span class='ocrx_word' id='word_1_63' title='bbox 741 1383 961 1468; x_wconf 82' lang='lat' dir='ltr'>difficultates,</span> <span class='ocrx_word' id='word_1_64' title='bbox 983 1405 1080 1470; x_wconf 85' lang='lat' dir='ltr'>quarn</span> <span class='ocrx_word' id='word_1_65' title='bbox 1105 1403 1207 1468; x_wconf 89' lang='lat' dir='ltr'>nuper</span> <span class='ocrx_word' id='word_1_66' title='bbox 1222 1381 1391 1449; x_wconf 84' lang='lat' dir='ltr'>Dortmun·</span> 
     </span>
     <span class='ocr_line' id='line_1_11' title="bbox 272 1493 1196 1586; baseline -0.001 -25"><span class='ocrx_word' id='word_1_67' title='bbox 272 1495 345 1562; x_wconf 89' lang='lat' dir='ltr'>diae</span> <span class='ocrx_word' id='word_1_68' title='bbox 369 1501 502 1562; x_wconf 86' lang='lat' dir='ltr'>exortae</span> <span class='ocrx_word' id='word_1_69' title='bbox 525 1493 660 1580; x_wconf 52' lang='lat' dir='ltr'>suntet)</span> <span class='ocrx_word' id='word_1_70' title='bbox 1149 1499 1160 1586; x_wconf 85' lang='grc' dir='ltr'> </span> <span class='ocrx_word' id='word_1_71' title='bbox 1192 1536 1196 1546; x_wconf 87' lang='lat'><strong>·</strong></span> 
     </span>
    </p>

    <p class='ocr_par' dir='ltr' id='par_1_4' title="bbox 270 1603 1391 1914">
     <span class='ocr_line' id='line_1_12' title="bbox 355 1603 1391 1692; baseline 0 -20"><span class='ocrx_word' id='word_1_72' title='bbox 355 1605 509 1674; x_wconf 84' lang='lat' dir='ltr'>Invitavit</span> <span class='ocrx_word' id='word_1_73' title='bbox 530 1607 629 1692; x_wconf 86' lang='lat' dir='ltr'>igitur</span> <span class='ocrx_word' id='word_1_74' title='bbox 650 1605 833 1673; x_wconf 71' lang='lat' dir='ltr'>iriderlous</span> <span class='ocrx_word' id='word_1_75' title='bbox 862 1603 984 1674; x_wconf 88' lang='lat' dir='ltr'>oleotor</span> <span class='ocrx_word' id='word_1_76' title='bbox 1011 1611 1044 1673; x_wconf 91' lang='lat' dir='ltr'>et</span> <span class='ocrx_word' id='word_1_77' title='bbox 1067 1605 1228 1692; x_wconf 79' lang='lat' dir='ltr'>Georgum</span> <span class='ocrx_word' id='word_1_78' title='bbox 1257 1603 1391 1672; x_wconf 87' lang='lat' dir='ltr'>Frideri-</span> 
     </span>
     <span class='ocr_line' id='line_1_13' title="bbox 272 1715 1391 1800; baseline -0.002 -17"><span class='ocrx_word' id='word_1_79' title='bbox 272 1741 354 1800; x_wconf 93' lang='lat' dir='ltr'>oum,</span> <span class='ocrx_word' id='word_1_80' title='bbox 375 1719 594 1785; x_wconf 83' lang='lat' dir='ltr'>marchionem</span> <span class='ocrx_word' id='word_1_81' title='bbox 616 1719 809 1800; x_wconf 87' lang='lat' dir='ltr'>Badensem,</span> <span class='ocrx_word' id='word_1_82' title='bbox 830 1725 865 1784; x_wconf 87' lang='lat' dir='ltr'>et</span> <span class='ocrx_word' id='word_1_83' title='bbox 880 1719 1038 1798; x_wconf 86' lang='lat' dir='ltr'>Joannem</span> <span class='ocrx_word' id='word_1_84' title='bbox 1056 1717 1268 1800; x_wconf 85' lang='lat' dir='ltr'>Friderioum,</span> <span class='ocrx_word' id='word_1_85' title='bbox 1282 1715 1391 1782; x_wconf 88' lang='lat' dir='ltr'>ducem</span> 
     </span>
     <span class='ocr_line' id='line_1_14' title="bbox 270 1827 1340 1914; baseline -0.001 -20"><span class='ocrx_word' id='word_1_86' title='bbox 270 1827 638 1914; x_wconf 86' lang='lat' dir='ltr'>Wuertembergensem,</span> <span class='ocrx_word' id='word_1_87' title='bbox 660 1836 698 1896; x_wconf 95' lang='lat' dir='ltr'>ut</span> <span class='ocrx_word' id='word_1_88' title='bbox 720 1829 949 1896; x_wconf 83' lang='lat' dir='ltr'>auctoritatem</span> <span class='ocrx_word' id='word_1_89' title='bbox 972 1849 1064 1896; x_wconf 88' lang='lat' dir='ltr'>suam</span> <span class='ocrx_word' id='word_1_90' title='bbox 1085 1829 1340 1913; x_wconf 84' lang='lat' dir='ltr'>interponerent.</span> 
     </span>
    </p>

    <p class='ocr_par' dir='ltr' id='par_1_5' title="bbox 269 1939 1393 2468">
     <span class='ocr_line' id='line_1_15' title="bbox 356 1939 1392 2026; baseline 0.002 -22"><span class='ocrx_word' id='word_1_91' title='bbox 356 1939 417 2018; x_wconf 88' lang='lat' dir='ltr'>Qui</span> <span class='ocrx_word' id='word_1_92' title='bbox 443 1962 543 2023; x_wconf 90' lang='lat' dir='ltr'>quum</span> <span class='ocrx_word' id='word_1_93' title='bbox 571 1942 696 2025; x_wconf 84' lang='lat' dir='ltr'>legatos</span> <span class='ocrx_word' id='word_1_94' title='bbox 723 1939 960 2026; x_wconf 62' lang='lat' dir='ltr'>misissentffl)</span> <span class='ocrx_word' id='word_1_95' title='bbox 984 1961 1110 2007; x_wconf 86' lang='lat' dir='ltr'>summa</span> <span class='ocrx_word' id='word_1_96' title='bbox 1132 1941 1275 2006; x_wconf 91' lang='lat' dir='ltr'>omnium</span> <span class='ocrx_word' id='word_1_97' title='bbox 1298 1960 1392 2026; x_wconf 85' lang='lat' dir='ltr'>opera</span> 
     </span>
     <span class='ocr_line' id='line_1_16' title="bbox 271 2051 1390 2136; baseline -0.001 -21"><span class='ocrx_word' id='word_1_98' title='bbox 271 2070 309 2116; x_wconf 92' lang='lat' dir='ltr'>eo</span> <span class='ocrx_word' id='word_1_99' title='bbox 331 2051 490 2134; x_wconf 85' lang='lat' dir='ltr'>producta</span> <span class='ocrx_word' id='word_1_100' title='bbox 512 2059 562 2119; x_wconf 86' lang='lat' dir='ltr'>est</span> <span class='ocrx_word' id='word_1_101' title='bbox 579 2073 642 2134; x_wconf 89' lang='lat' dir='ltr'>res,</span> <span class='ocrx_word' id='word_1_102' title='bbox 664 2058 702 2118; x_wconf 92' lang='lat' dir='ltr'>ut</span> <span class='ocrx_word' id='word_1_103' title='bbox 715 2058 888 2136; x_wconf 88' lang='lat' dir='ltr'>postquam</span> <span class='ocrx_word' id='word_1_104' title='bbox 903 2051 1109 2117; x_wconf 87' lang='lat' dir='ltr'>Possidentes</span> <span class='ocrx_word' id='word_1_105' title='bbox 1124 2051 1390 2136; x_wconf 87' lang='lat' dir='ltr'>repromisissont,</span> 
     </span>
     <span class='ocr_line' id='line_1_17' title="bbox 269 2148 1392 2249; baseline 0 -22"><span class='ocrx_word' id='word_1_106' title='bbox 269 2154 348 2238; x_wconf 82' lang='lat' dir='ltr'>nihil</span> <span class='ocrx_word' id='word_1_107' title='bbox 375 2184 409 2228; x_wconf 88' lang='lat' dir='ltr'>se</span> <span class='ocrx_word' id='word_1_108' title='bbox 438 2167 550 2230; x_wconf 88' lang='lat' dir='ltr'>contra</span> <span class='ocrx_word' id='word_1_109' title='bbox 574 2159 651 2249; x_wconf 83' lang='lat' dir='ltr'>jura</span> <span class='ocrx_word' id='word_1_110' title='bbox 680 2163 822 2230; x_wconf 89' lang='lat' dir='ltr'>Palatini</span> <span class='ocrx_word' id='word_1_111' title='bbox 848 2148 1013 2248; x_wconf 87' lang='lat' dir='ltr'>Bipontini</span> <span class='ocrx_word' id='word_1_112' title='bbox 1047 2166 1220 2229; x_wconf 84' lang='lat' dir='ltr'>conaturos</span> <span class='ocrx_word' id='word_1_113' title='bbox 1248 2184 1335 2244; x_wconf 88' lang='lat' dir='ltr'>esse,</span> <span class='ocrx_word' id='word_1_114' title='bbox 1363 2167 1392 2226; x_wconf 89' lang='lat' dir='ltr'>et</span> 
     </span>
     <span class='ocr_line' id='line_1_18' title="bbox 272 2265 1393 2360; baseline -0.002 -22"><span class='ocrx_word' id='word_1_115' title='bbox 272 2273 415 2339; x_wconf 89' lang='lat' dir='ltr'>Joannes</span> <span class='ocrx_word' id='word_1_116' title='bbox 456 2281 489 2340; x_wconf 90' lang='lat' dir='ltr'>et</span> <span class='ocrx_word' id='word_1_117' title='bbox 526 2274 721 2358; x_wconf 85' lang='lat' dir='ltr'>Magdalene</span> <span class='ocrx_word' id='word_1_118' title='bbox 759 2275 802 2342; x_wconf 88' lang='lat' dir='ltr'>ad</span> <span class='ocrx_word' id='word_1_119' title='bbox 837 2276 1029 2360; x_wconf 83' lang='lat' dir='ltr'>pactionem.</span> <span class='ocrx_word' id='word_1_120' title='bbox 1063 2265 1346 2342; x_wconf 83' lang='lat' dir='ltr'>Trutmonianam¹</span> <span class='ocrx_word' id='word_1_121' title='bbox 1362 2292 1393 2338; x_wconf 87' lang='lat' dir='ltr'>so</span> 
     </span>
     <span class='ocr_line' id='line_1_19' title="bbox 271 2383 535 2468; baseline -0.004 -18"><span class='ocrx_word' id='word_1_122' title='bbox 271 2383 535 2468; x_wconf 59' lang='lat' dir='ltr'>applicarant)</span> 
     </span>
    </p>
   </div>
   <div class='ocr_carea' id='block_1_3' title="bbox 355 2495 1392 2582">
    <p class='ocr_par' dir='ltr' id='par_1_6' title="bbox 355 2495 1392 2582">
     <span class='ocr_line' id='line_1_20' title="bbox 355 2495 1392 2582; baseline 0.002 -23"><span class='ocrx_word' id='word_1_123' title='bbox 355 2495 480 2561; x_wconf 88' lang='lat' dir='ltr'>Deinde</span> <span class='ocrx_word' id='word_1_124' title='bbox 503 2498 559 2582; x_wconf 90' lang='lat' dir='ltr'>qui</span> <span class='ocrx_word' id='word_1_125' title='bbox 581 2497 823 2563; x_wconf 73' lang='lat' dir='ltr'>eontentionem</span> <span class='ocrx_word' id='word_1_126' title='bbox 851 2496 943 2562; x_wconf 87' lang='lat' dir='ltr'>illam</span> <span class='ocrx_word' id='word_1_127' title='bbox 964 2495 1274 2582; x_wconf 82' lang='lat' dir='ltr'>Heidelbergianem</span> <span class='ocrx_word' id='word_1_128' title='bbox 1305 2516 1392 2562; x_wconf 83' lang='lat' dir='ltr'>oura-</span> 
     </span>
    </p>
   </div>
   <div class='ocr_carea' id='block_1_4' title="bbox 271 2651 474 2665">
    <p class='ocr_par' dir='ltr' id='par_1_7' title="bbox 271 2651 474 2665">
     <span class='ocr_line' id='line_1_21' title="bbox 271 2651 474 2665; baseline -0.005 0"><span class='ocrx_word' id='word_1_129' title='bbox 271 2651 474 2665; x_wconf 48' lang='grc'>*-</span> 
     </span>
    </p>
   </div>
   <div class='ocr_carea' id='block_1_5' title="bbox 266 2783 1393 4453">
    <p class='ocr_par' dir='ltr' id='par_1_8' title="bbox 268 2783 1393 3226">
     <span class='ocr_line' id='line_1_22' title="bbox 337 2783 1393 2853; baseline -0.002 -16"><span class='ocrx_word' id='word_1_130' title='bbox 337 2783 386 2852; x_wconf 77' lang='lat'>1²¹)</span> <span class='ocrx_word' id='word_1_131' title='bbox 404 2788 525 2848; x_wconf 83' lang='lat' dir='ltr'>Bongers</span> <span class='ocrx_word' id='word_1_132' title='bbox 547 2788 582 2844; x_wconf 80' lang='lat' dir='ltr'>ist</span> <span class='ocrx_word' id='word_1_133' title='bbox 603 2788 714 2838; x_wconf 78' lang='lat' dir='ltr'>doshalb</span> <span class='ocrx_word' id='word_1_134' title='bbox 733 2789 779 2853; x_wconf 79' lang='lat' dir='ltr'>da,</span> <span class='ocrx_word' id='word_1_135' title='bbox 802 2801 846 2838; x_wconf 88' lang='lat' dir='ltr'>um</span> <span class='ocrx_word' id='word_1_136' title='bbox 863 2788 891 2837; x_wconf 89' lang='lat' dir='ltr'>in</span> <span class='ocrx_word' id='word_1_137' title='bbox 907 2787 1049 2838; x_wconf 86' lang='lat' dir='ltr'>Heinriohs</span> <span class='ocrx_word' id='word_1_138' title='bbox 1065 2786 1169 2838; x_wconf 82' lang='lat' dir='ltr'>Namen</span> <span class='ocrx_word' id='word_1_139' title='bbox 1187 2787 1249 2838; x_wconf 83' lang='lat' dir='ltr'>dass</span> <span class='ocrx_word' id='word_1_140' title='bbox 1271 2786 1317 2839; x_wconf 86' lang='lat' dir='ltr'>die</span> <span class='ocrx_word' id='word_1_141' title='bbox 1333 2787 1393 2837; x_wconf 76' lang='lat' dir='ltr'>Per·</span> 
     </span>
     <span class='ocr_line' id='line_1_23' title="bbox 269 2879 1393 2942; baseline 0.001 -13"><span class='ocrx_word' id='word_1_142' title='bbox 269 2879 360 2932; x_wconf 83' lang='lat' dir='ltr'>thelon</span> <span class='ocrx_word' id='word_1_143' title='bbox 376 2881 450 2932; x_wconf 90' lang='lat' dir='ltr'>nioht</span> <span class='ocrx_word' id='word_1_144' title='bbox 467 2882 568 2933; x_wconf 87' lang='lat' dir='ltr'>wieder</span> <span class='ocrx_word' id='word_1_145' title='bbox 585 2883 622 2932; x_wconf 85' lang='lat' dir='ltr'>all</span> <span class='ocrx_word' id='word_1_146' title='bbox 639 2896 673 2932; x_wconf 84' lang='lat' dir='ltr'>zu</span> <span class='ocrx_word' id='word_1_147' title='bbox 690 2881 754 2942; x_wconf 77' lang='lat' dir='ltr'>lang</span> <span class='ocrx_word' id='word_1_148' title='bbox 771 2882 846 2932; x_wconf 88' lang='lat' dir='ltr'>Undt</span> <span class='ocrx_word' id='word_1_149' title='bbox 862 2881 943 2942; x_wconf 75' lang='lat' dir='ltr'>lessig</span> <span class='ocrx_word' id='word_1_150' title='bbox 961 2882 1013 2932; x_wconf 82' lang='lat' dir='ltr'>wie</span> <span class='ocrx_word' id='word_1_151' title='bbox 1035 2881 1066 2930; x_wconf 84' lang='lat' dir='ltr'>in</span> <span class='ocrx_word' id='word_1_152' title='bbox 1081 2881 1130 2932; x_wconf 84' lang='lat' dir='ltr'>der</span> <span class='ocrx_word' id='word_1_153' title='bbox 1146 2879 1393 2942; x_wconf 73' lang='lat' dir='ltr'>staarmgnorm</span> 
     </span>
     <span class='ocr_line' id='line_1_24' title="bbox 268 2975 1391 3043; baseline -0.004 -17"><span class='ocrx_word' id='word_1_154' title='bbox 268 2975 413 3037; x_wconf 73' lang='lat' dir='ltr'>Handlunss</span> <span class='ocrx_word' id='word_1_155' title='bbox 430 2976 480 3028; x_wconf 90' lang='lat' dir='ltr'>mit</span> <span class='ocrx_word' id='word_1_156' title='bbox 492 2977 543 3028; x_wconf 85' lang='lat' dir='ltr'>den</span> <span class='ocrx_word' id='word_1_157' title='bbox 556 2977 655 3028; x_wconf 76' lang='lat' dir='ltr'>saonen</span> <span class='ocrx_word' id='word_1_158' title='bbox 672 2976 831 3038; x_wconf 81' lang='lat' dir='ltr'>rrmbgohen.</span> <span class='ocrx_word' id='word_1_159' title='bbox 866 2976 908 3043; x_wconf 75' lang='lat' dir='ltr'>Ex</span> <span class='ocrx_word' id='word_1_160' title='bbox 926 2975 1039 3037; x_wconf 81' lang='lat' dir='ltr'>epistola</span> <span class='ocrx_word' id='word_1_161' title='bbox 1057 2975 1162 3028; x_wconf 85' lang='lat' dir='ltr'>eomitis</span> <span class='ocrx_word' id='word_1_162' title='bbox 1172 2975 1298 3028; x_wconf 82' lang='lat' dir='ltr'>Nassovii</span> <span class='ocrx_word' id='word_1_163' title='bbox 1316 2975 1341 3026; x_wconf 89' lang='lat' dir='ltr'>d.</span> <span class='ocrx_word' id='word_1_164' title='bbox 1354 2980 1391 3025; x_wconf 75' lang='lat' dir='ltr'>aa.</span> 
     </span>
     <span class='ocr_line' id='line_1_25' title="bbox 268 3061 1391 3134; baseline 0.001 -15"><span class='ocrx_word' id='word_1_165' title='bbox 268 3083 303 3120; x_wconf 60' lang='lat' dir='ltr'>m·</span> <span class='ocrx_word' id='word_1_166' title='bbox 321 3070 384 3121; x_wconf 88' lang='lat' dir='ltr'>Jun.</span> <span class='ocrx_word' id='word_1_167' title='bbox 401 3071 473 3122; x_wconf 80' lang='lat' dir='ltr'>deta.</span> <span class='ocrx_word' id='word_1_168' title='bbox 491 3073 600 3134; x_wconf 74' lang='lat' dir='ltr'>maeror.</span> <span class='ocrx_word' id='word_1_169' title='bbox 618 3071 707 3122; x_wconf 84' lang='lat' dir='ltr'>Borol.</span> <span class='ocrx_word' id='word_1_170' title='bbox 725 3071 759 3122; x_wconf 88' lang='lat' dir='ltr'>D.</span> <span class='ocrx_word' id='word_1_171' title='bbox 779 3078 802 3123; x_wconf 83' lang='lat'>1.</span> <span class='ocrx_word' id='word_1_172' title='bbox 819 3061 856 3121; x_wconf 85' lang='lat' dir='ltr'>m.</span> <span class='ocrx_word' id='word_1_173' title='bbox 874 3070 929 3123; x_wconf 72' lang='lat' dir='ltr'>Jul,</span> <span class='ocrx_word' id='word_1_174' title='bbox 948 3083 981 3122; x_wconf 78' lang='lat' dir='ltr'>ox</span> <span class='ocrx_word' id='word_1_175' title='bbox 993 3069 1233 3132; x_wconf 71' lang='lat' dir='ltr'>Mottissoribitrn:</span> <span class='ocrx_word' id='word_1_176' title='bbox 1244 3069 1278 3122; x_wconf 84' lang='lat' dir='ltr'>le</span> <span class='ocrx_word' id='word_1_177' title='bbox 1296 3069 1337 3122; x_wconf 84' lang='lat' dir='ltr'>roi</span> <span class='ocrx_word' id='word_1_178' title='bbox 1354 3080 1391 3120; x_wconf 85' lang='lat' dir='ltr'>re·</span> 
     </span>
     <span class='ocr_line' id='line_1_26' title="bbox 269 3165 708 3226; baseline 0 -12"><span class='ocrx_word' id='word_1_179' title='bbox 269 3166 424 3216; x_wconf 81' lang='lat' dir='ltr'>commando</span> <span class='ocrx_word' id='word_1_180' title='bbox 441 3167 467 3216; x_wconf 86' lang='lat' dir='ltr'>le</span> <span class='ocrx_word' id='word_1_181' title='bbox 485 3166 556 3215; x_wconf 88' lang='lat' dir='ltr'>droit</span> <span class='ocrx_word' id='word_1_182' title='bbox 573 3165 708 3226; x_wconf 80' lang='lat' dir='ltr'>Bipontin.</span> 
     </span>
    </p>

    <p class='ocr_par' dir='ltr' id='par_1_9' title="bbox 267 3255 1391 3592">
     <span class='ocr_line' id='line_1_27' title="bbox 337 3255 1391 3324; baseline -0.003 -16"><span class='ocrx_word' id='word_1_183' title='bbox 337 3255 383 3320; x_wconf 73' lang='lat'>1²2)</span> <span class='ocrx_word' id='word_1_184' title='bbox 402 3259 434 3308; x_wconf 87' lang='lat' dir='ltr'>In</span> <span class='ocrx_word' id='word_1_185' title='bbox 451 3258 548 3312; x_wconf 78' lang='lat' dir='ltr'>litteris</span> <span class='ocrx_word' id='word_1_186' title='bbox 566 3258 723 3324; x_wconf 83' lang='lat' dir='ltr'>quibusdam</span> <span class='ocrx_word' id='word_1_187' title='bbox 743 3270 761 3308; x_wconf 86' lang='lat' dir='ltr'>a</span> <span class='ocrx_word' id='word_1_188' title='bbox 778 3257 938 3320; x_wconf 80' lang='lat' dir='ltr'>Magdalena</span> <span class='ocrx_word' id='word_1_189' title='bbox 961 3257 1066 3322; x_wconf 80' lang='lat' dir='ltr'>seriptis</span> <span class='ocrx_word' id='word_1_190' title='bbox 1092 3256 1391 3324; x_wconf 74' lang='lat' dir='ltr'>invenitur‚w01fgan·</span> 
     </span>
     <span class='ocr_line' id='line_1_28' title="bbox 268 3329 1391 3418; baseline 0.002 -16"><span class='ocrx_word' id='word_1_191' title='bbox 268 3363 331 3412; x_wconf 71' lang='lat' dir='ltr'>gum</span> <span class='ocrx_word' id='word_1_192' title='bbox 344 3350 503 3406; x_wconf 81' lang='lat' dir='ltr'>Guilelmum</span> <span class='ocrx_word' id='word_1_193' title='bbox 526 3365 594 3416; x_wconf 88' lang='lat' dir='ltr'>quae</span> <span class='ocrx_word' id='word_1_194' title='bbox 612 3353 658 3406; x_wconf 83' lang='lat' dir='ltr'>illa</span> <span class='ocrx_word' id='word_1_195' title='bbox 675 3329 1076 3418; x_wconf 78' lang='lat' dir='ltr'>postulaverat,oomprobasse.</span> <span class='ocrx_word' id='word_1_196' title='bbox 1099 3351 1140 3400; x_wconf 85' lang='lat' dir='ltr'>Ex</span> <span class='ocrx_word' id='word_1_197' title='bbox 1158 3351 1391 3414; x_wconf 73' lang='lat' dir='ltr'>epistoladoannie</span> 
     </span>
     <span class='ocr_line' id='line_1_29' title="bbox 267 3443 1390 3508; baseline -0.003 -10"><span class='ocrx_word' id='word_1_198' title='bbox 267 3445 390 3498; x_wconf 81' lang='lat' dir='ltr'>Nassovii</span> <span class='ocrx_word' id='word_1_199' title='bbox 407 3447 442 3498; x_wconf 85' lang='lat' dir='ltr'>ad</span> <span class='ocrx_word' id='word_1_200' title='bbox 459 3447 602 3499; x_wconf 83' lang='lat' dir='ltr'>Disoavum</span> <span class='ocrx_word' id='word_1_201' title='bbox 620 3447 731 3508; x_wconf 83' lang='lat' dir='ltr'>scripta:</span> <span class='ocrx_word' id='word_1_202' title='bbox 750 3443 830 3496; x_wconf 48' lang='lat' dir='ltr'>*Und</span> <span class='ocrx_word' id='word_1_203' title='bbox 851 3445 940 3498; x_wconf 85' lang='lat' dir='ltr'>haben</span> <span class='ocrx_word' id='word_1_204' title='bbox 963 3446 1014 3496; x_wconf 87' lang='lat' dir='ltr'>wir</span> <span class='ocrx_word' id='word_1_205' title='bbox 1030 3446 1106 3497; x_wconf 86' lang='lat' dir='ltr'>mehr</span> <span class='ocrx_word' id='word_1_206' title='bbox 1123 3445 1203 3498; x_wconf 84' lang='lat' dir='ltr'>Miiha</span> <span class='ocrx_word' id='word_1_207' title='bbox 1228 3447 1330 3508; x_wconf 76' lang='lat' dir='ltr'>gohabt</span> <span class='ocrx_word' id='word_1_208' title='bbox 1352 3445 1390 3496; x_wconf 87' lang='lat' dir='ltr'>als</span> 
     </span>
     <span class='ocr_line' id='line_1_30' title="bbox 268 3540 667 3592; baseline 0 -2"><span class='ocrx_word' id='word_1_209' title='bbox 268 3553 302 3592; x_wconf 82' lang='lat' dir='ltr'>zu</span> <span class='ocrx_word' id='word_1_210' title='bbox 319 3540 477 3592; x_wconf 88' lang='lat' dir='ltr'>Dortmuud.</span> <span class='ocrx_word' id='word_1_211' title='bbox 497 3541 562 3592; x_wconf 81' lang='lat' dir='ltr'>Cod.</span> <span class='ocrx_word' id='word_1_212' title='bbox 580 3542 667 3592; x_wconf 87' lang='lat' dir='ltr'>Berol.</span> 
     </span>
    </p>

    <p class='ocr_par' dir='ltr' id='par_1_10' title="bbox 266 3613 1390 4076">
     <span class='ocr_line' id='line_1_31' title="bbox 335 3613 1390 3708; baseline -0.002 -24"><span class='ocrx_word' id='word_1_213' title='bbox 335 3634 425 3686; x_wconf 85' lang='lat' dir='ltr'>Etiam</span> <span class='ocrx_word' id='word_1_214' title='bbox 442 3635 602 3697; x_wconf 75' lang='lat' dir='ltr'>magdalena</span> <span class='ocrx_word' id='word_1_215' title='bbox 619 3635 723 3686; x_wconf 83' lang='lat' dir='ltr'>veteres</span> <span class='ocrx_word' id='word_1_216' title='bbox 745 3613 856 3685; x_wconf 81' lang='lat' dir='ltr'>uniones</span> <span class='ocrx_word' id='word_1_217' title='bbox 873 3634 1099 3686; x_wconf 86' lang='lat' dir='ltr'>Praetendentum</span> <span class='ocrx_word' id='word_1_218' title='bbox 1117 3635 1197 3700; x_wconf 84' lang='lat' dir='ltr'>citat,</span> <span class='ocrx_word' id='word_1_219' title='bbox 1219 3633 1315 3708; x_wconf 76' lang='lat' dir='ltr'>quibus</span> <span class='ocrx_word' id='word_1_220' title='bbox 1333 3645 1390 3684; x_wconf 90' lang='lat' dir='ltr'>oon·</span> 
     </span>
     <span class='ocr_line' id='line_1_32' title="bbox 268 3728 1390 3794; baseline 0 -17"><span class='ocrx_word' id='word_1_221' title='bbox 268 3728 388 3779; x_wconf 87' lang='lat' dir='ltr'>stitutum</span> <span class='ocrx_word' id='word_1_222' title='bbox 406 3729 452 3794; x_wconf 84' lang='lat' dir='ltr'>sit,</span> <span class='ocrx_word' id='word_1_223' title='bbox 476 3730 537 3780; x_wconf 88' lang='lat' dir='ltr'>dass</span> <span class='ocrx_word' id='word_1_224' title='bbox 559 3729 623 3780; x_wconf 84' lang='lat' dir='ltr'>kain</span> <span class='ocrx_word' id='word_1_225' title='bbox 645 3729 723 3780; x_wconf 87' lang='lat' dir='ltr'>Theil</span> <span class='ocrx_word' id='word_1_226' title='bbox 746 3729 802 3779; x_wconf 89' lang='lat' dir='ltr'>sioh</span> <span class='ocrx_word' id='word_1_227' title='bbox 819 3729 943 3780; x_wconf 89' lang='lat' dir='ltr'>Vortheil</span> <span class='ocrx_word' id='word_1_228' title='bbox 964 3741 1012 3780; x_wconf 83' lang='lat' dir='ltr'>ror</span> <span class='ocrx_word' id='word_1_229' title='bbox 1034 3730 1095 3779; x_wconf 86' lang='lat' dir='ltr'>dom</span> <span class='ocrx_word' id='word_1_230' title='bbox 1117 3729 1218 3778; x_wconf 87' lang='lat' dir='ltr'>andern</span> <span class='ocrx_word' id='word_1_231' title='bbox 1236 3739 1390 3778; x_wconf 85' lang='lat' dir='ltr'>enmaassen</span> 
     </span>
     <span class='ocr_line' id='line_1_33' title="bbox 268 3822 1390 3889; baseline -0.003 -17"><span class='ocrx_word' id='word_1_232' title='bbox 268 3822 355 3873; x_wconf 86' lang='lat' dir='ltr'>welle.</span> <span class='ocrx_word' id='word_1_233' title='bbox 390 3823 453 3873; x_wconf 85' lang='lat' dir='ltr'>Man</span> <span class='ocrx_word' id='word_1_234' title='bbox 470 3823 535 3889; x_wconf 88' lang='lat' dir='ltr'>will,</span> <span class='ocrx_word' id='word_1_235' title='bbox 554 3836 632 3874; x_wconf 87' lang='lat' dir='ltr'>wenn</span> <span class='ocrx_word' id='word_1_236' title='bbox 650 3824 697 3874; x_wconf 86' lang='lat' dir='ltr'>das</span> <span class='ocrx_word' id='word_1_237' title='bbox 715 3823 854 3884; x_wconf 77' lang='lat' dir='ltr'>gewiihret</span> <span class='ocrx_word' id='word_1_238' title='bbox 877 3823 958 3888; x_wconf 88' lang='lat' dir='ltr'>wird,</span> <span class='ocrx_word' id='word_1_239' title='bbox 982 3824 1144 3884; x_wconf 78' lang='lat' dir='ltr'>gemeinsam</span> <span class='ocrx_word' id='word_1_240' title='bbox 1168 3823 1221 3872; x_wconf 85' lang='lat' dir='ltr'>alle</span> <span class='ocrx_word' id='word_1_241' title='bbox 1239 3822 1390 3873; x_wconf 84' lang='lat' dir='ltr'>Invasiones</span> 
     </span>
     <span class='ocr_line' id='line_1_34' title="bbox 267 3901 1389 3984; baseline -0.004 -17"><span class='ocrx_word' id='word_1_242' title='bbox 267 3919 294 3967; x_wconf 84' lang='lat' dir='ltr'>ot</span> <span class='ocrx_word' id='word_1_243' title='bbox 313 3915 500 3978; x_wconf 78' lang='lat' dir='ltr'>occupationes</span> <span class='ocrx_word' id='word_1_244' title='bbox 518 3901 640 3984; x_wconf 82' lang='lat' dir='ltr'>hindern3</span> <span class='ocrx_word' id='word_1_245' title='bbox 658 3917 699 3967; x_wconf 92' lang='lat' dir='ltr'>nit</span> <span class='ocrx_word' id='word_1_246' title='bbox 716 3917 836 3978; x_wconf 84' lang='lat' dir='ltr'>weniger</span> <span class='ocrx_word' id='word_1_247' title='bbox 854 3915 897 3968; x_wconf 87' lang='lat' dir='ltr'>die</span> <span class='ocrx_word' id='word_1_248' title='bbox 915 3913 1084 3967; x_wconf 84' lang='lat' dir='ltr'>vorhabende</span> <span class='ocrx_word' id='word_1_249' title='bbox 1106 3913 1389 3978; x_wconf 78' lang='lat' dir='ltr'>hoohpr‘ajuoioirliohe</span> 
     </span>
     <span class='ocr_line' id='line_1_35' title="bbox 266 4010 1031 4076; baseline -0.003 -14"><span class='ocrx_word' id='word_1_250' title='bbox 266 4012 349 4076; x_wconf 86' lang='lat' dir='ltr'>Kays.</span> <span class='ocrx_word' id='word_1_251' title='bbox 369 4010 579 4076; x_wconf 72' lang='lat' dir='ltr'>sequestration.</span> <span class='ocrx_word' id='word_1_252' title='bbox 1028 4013 1031 4024; x_wconf 77' lang='lat'><strong>⁴</strong></span> 
     </span>
    </p>

    <p class='ocr_par' dir='ltr' id='par_1_11' title="bbox 267 4099 1388 4264">
     <span class='ocr_line' id='line_1_36' title="bbox 334 4099 1388 4171; baseline -0.005 -14"><span class='ocrx_word' id='word_1_253' title='bbox 334 4101 381 4168; x_wconf 62' lang='grc'>123)</span> <span class='ocrx_word' id='word_1_254' title='bbox 399 4105 423 4156; x_wconf 86' lang='grc' dir='ltr'><strong>Α</strong></span> <span class='ocrx_word' id='word_1_255' title='bbox 441 4105 557 4166; x_wconf 74' lang='lat' dir='ltr'>(taorgio</span> <span class='ocrx_word' id='word_1_256' title='bbox 579 4105 673 4156; x_wconf 83' lang='lat' dir='ltr'>missus</span> <span class='ocrx_word' id='word_1_257' title='bbox 696 4103 736 4156; x_wconf 90' lang='lat' dir='ltr'>est</span> <span class='ocrx_word' id='word_1_258' title='bbox 754 4103 876 4157; x_wconf 68' lang='lat' dir='ltr'>&#39;lacobus</span> <span class='ocrx_word' id='word_1_259' title='bbox 899 4103 1011 4157; x_wconf 82' lang='lat' dir='ltr'>Pistoris</span> <span class='ocrx_word' id='word_1_260' title='bbox 1035 4115 1052 4155; x_wconf 88' lang='lat' dir='ltr'>a</span> <span class='ocrx_word' id='word_1_261' title='bbox 1075 4099 1227 4171; x_wconf 74' lang='lat' dir='ltr'>Stussling,</span> <span class='ocrx_word' id='word_1_262' title='bbox 1250 4117 1267 4156; x_wconf 85' lang='lat' dir='ltr'>a</span> <span class='ocrx_word' id='word_1_263' title='bbox 1287 4101 1388 4155; x_wconf 76' lang='lat' dir='ltr'>loanno</span> 
     </span>
     <span class='ocr_line' id='line_1_37' title="bbox 267 4193 1068 4264; baseline -0.001 -14"><span class='ocrx_word' id='word_1_264' title='bbox 267 4200 355 4250; x_wconf 85' lang='lat' dir='ltr'>autern</span> <span class='ocrx_word' id='word_1_265' title='bbox 372 4200 544 4264; x_wconf 87' lang='lat' dir='ltr'>Benjaminus</span> <span class='ocrx_word' id='word_1_266' title='bbox 561 4213 578 4250; x_wconf 91' lang='lat' dir='ltr'>a</span> <span class='ocrx_word' id='word_1_267' title='bbox 595 4193 821 4253; x_wconf 83' lang='lat' dir='ltr'>Bunirinkha&#39;usen</span> <span class='ocrx_word' id='word_1_268' title='bbox 838 4198 871 4253; x_wconf 88' lang='lat' dir='ltr'>de</span> <span class='ocrx_word' id='word_1_269' title='bbox 889 4197 1068 4250; x_wconf 82' lang='lat' dir='ltr'>Walmerode.</span> 
     </span>
    </p>

    <p class='ocr_par' dir='ltr' id='par_1_12' title="bbox 266 4276 1385 4453">
     <span class='ocr_line' id='line_1_38' title="bbox 335 4276 1385 4362; baseline -0.006 -17"><span class='ocrx_word' id='word_1_270' title='bbox 335 4291 384 4362; x_wconf 66' lang='grc'>124)</span> <span class='ocrx_word' id='word_1_271' title='bbox 402 4293 477 4357; x_wconf 81' lang='lat' dir='ltr'>Quae</span> <span class='ocrx_word' id='word_1_272' title='bbox 494 4296 571 4355; x_wconf 77' lang='lat' dir='ltr'>gesta</span> <span class='ocrx_word' id='word_1_273' title='bbox 588 4295 650 4345; x_wconf 85' lang='lat' dir='ltr'>sunt</span> <span class='ocrx_word' id='word_1_274' title='bbox 671 4295 696 4344; x_wconf 87' lang='lat' dir='ltr'>d.</span> <span class='ocrx_word' id='word_1_275' title='bbox 715 4299 756 4345; x_wconf 76' lang='lat'>29.</span> <span class='ocrx_word' id='word_1_276' title='bbox 775 4295 807 4344; x_wconf 86' lang='lat' dir='ltr'>at.</span> <span class='ocrx_word' id='word_1_277' title='bbox 826 4293 878 4345; x_wconf 83' lang='lat' dir='ltr'>vet.</span> <span class='ocrx_word' id='word_1_278' title='bbox 896 4307 931 4343; x_wconf 89' lang='lat' dir='ltr'>m.</span> <span class='ocrx_word' id='word_1_279' title='bbox 949 4291 1011 4345; x_wconf 82' lang='lat' dir='ltr'>Jun.</span> <span class='ocrx_word' id='word_1_280' title='bbox 1030 4299 1105 4346; x_wconf 76' lang='lat'><strong>1609.</strong></span> <span class='ocrx_word' id='word_1_281' title='bbox 1124 4293 1232 4358; x_wconf 78' lang='lat' dir='ltr'>llsorpt</span> <span class='ocrx_word' id='word_1_282' title='bbox 1249 4276 1336 4346; x_wconf 78' lang='lat' dir='ltr'>Berol.</span> <span class='ocrx_word' id='word_1_283' title='bbox 1349 4277 1385 4342; x_wconf 77' lang='lat' dir='ltr'>&#39;et</span> 
     </span>
     <span class='ocr_line' id='line_1_39' title="bbox 266 4384 1385 4453; baseline -0.003 -13"><span class='ocrx_word' id='word_1_284' title='bbox 266 4388 371 4440; x_wconf 82' lang='lat' dir='ltr'>Ethard</span> <span class='ocrx_word' id='word_1_285' title='bbox 389 4389 490 4441; x_wconf 80' lang='lat' dir='ltr'>ztrohr.</span> <span class='ocrx_word' id='word_1_286' title='bbox 509 4387 552 4440; x_wconf 82' lang='lat' dir='ltr'>fiir</span> <span class='ocrx_word' id='word_1_287' title='bbox 569 4389 662 4441; x_wconf 85' lang='lat' dir='ltr'>vaterl.</span> <span class='ocrx_word' id='word_1_288' title='bbox 676 4387 771 4441; x_wconf 85' lang='lat' dir='ltr'>Gesoh.</span> <span class='ocrx_word' id='word_1_289' title='bbox 789 4399 813 4439; x_wconf 91' lang='lat' dir='ltr'>u.</span> <span class='ocrx_word' id='word_1_290' title='bbox 827 4384 1081 4440; x_wconf 81' lang='lat' dir='ltr'>Alterthumskuude</span> <span class='ocrx_word' id='word_1_291' title='bbox 1098 4389 1148 4440; x_wconf 84' lang='lat' dir='ltr'>Bd.</span> <span class='ocrx_word' id='word_1_292' title='bbox 1167 4394 1191 4440; x_wconf 80' lang='grc'>9.</span> <span class='ocrx_word' id='word_1_293' title='bbox 1210 4395 1276 4442; x_wconf 75' lang='lat'><strong>1846</strong></span> <span class='ocrx_word' id='word_1_294' title='bbox 1293 4403 1318 4453; x_wconf 83' lang='lat' dir='ltr'>p.</span> <span class='ocrx_word' id='word_1_295' title='bbox 1331 4389 1385 4439; x_wconf 77' lang='lat' dir='ltr'>ret.</span> 
     </span>
    </p>
   </div>
   <div class='ocr_carea' id='block_1_6' title="bbox 0 0 1496 5032">
    <p class='ocr_par' dir='ltr' id='par_1_13' title="bbox 0 0 1496 5032">
     <span class='ocr_line' id='line_1_40' title="bbox 0 0 1496 5032; baseline 0 1"><span class='ocrx_word' id='word_1_296' title='bbox 0 0 1496 5032; x_wconf 95' lang='lat' dir='ltr'> </span> 
     </span>
    </p>
   </div>
  </div>
 </body>
</html>
