2980 5040
749 243 959 308 ..18-

358 431 471 506 Scriba
492 431 655 516 publicus,
683 431 937 496 Interessentum
962 433 1167 514 procurator,
1197 449 1268 496 cum
1300 429 1428 496 litteris

293 543 535 610 intercessionis
550 542 593 608 ad
608 542 845 608 commissarios
860 541 977 606 missus
992 547 1051 606 est.
1079 540 1140 617 Qui
1154 541 1277 606 atillam
1295 543 1429 624 pactio-

293 677 368 720 nem
390 655 522 722 auribus
544 675 579 718 se
599 653 796 719 admissuros
811 651 890 732 fore,
912 650 1166 734 respondebant;
1189 671 1320 716 morem
1347 674 1430 733 esse,
1468 635 1474 662 ‘

294 772 340 847 ut,
362 765 418 850 qni
439 766 544 830 causis
566 763 803 830 intercederent
824 762 971 846 publicis,
994 761 1036 826 ad
1058 761 1288 845 imperatorem
1316 765 1429 848 ipsum

294 898 329 942 se
345 876 561 961 applicarent:
576 875 840 940 intercessionem
857 873 956 956 igitur
966 893 1083 938 vanam
1098 893 1169 938 esse
1185 877 1218 936 et
1231 873 1430 940 invalidam.

296 987 408 1053 Scriba
429 987 527 1070 igitur
555 991 587 1050 et
610 985 665 1068 qui
688 1006 760 1048 cum
782 1005 820 1050 eo
843 983 974 1048 fuerunt
995 988 1110 1063 testes,
1138 988 1316 1066 postquam
1344 1007 1430 1052 com-

294 1099 436 1164 missarii
456 1096 587 1162 nomina
602 1117 712 1160 eorum
727 1095 837 1161 libello
852 1094 1095 1174 mandaverant,
1118 1094 1209 1158 abire
1228 1095 1318 1178 jussi
1345 1103 1429 1162 sunt.

296 1207 409 1274 Scriba
431 1213 542 1272 autern
564 1228 663 1290 quum
680 1206 908 1274 animadvertit
928 1203 1165 1270 commissarios
1185 1203 1319 1272 litteras
1346 1229 1429 1290 quas
1472 1265 1473 1284 ,

294 1317 334 1384 iis
362 1317 546 1383 tradiderat
572 1316 868 1396 intercessionales,
902 1316 962 1380 sub
995 1315 1115 1381 riscum
1142 1313 1314 1381 abdituros
1347 1338 1428 1396 esse,
1472 1387 1473 1408 ,

295 1427 415 1494 tabulis
442 1450 540 1512 quam
567 1428 733 1494 celerrime
763 1418 901 1510 arreptis
927 1425 1017 1492 abiit.
1062 1423 1123 1501 Qui
1144 1446 1244 1508 quum
1274 1427 1428 1492 ordinem

296 1558 405 1602 rerum
427 1548 593 1622 gestarum
615 1539 658 1604 ad
679 1538 865 1603 Palatinum
889 1537 1077 1618 legatosque
1101 1535 1242 1619 Philippi
1263 1535 1426 1602 Ludovici

295 1649 475 1732 retulisset,
517 1650 631 1714 eodem
672 1649 723 1712 die
763 1647 992 1732 pomeridiano·
1024 1646 1147 1710 scilicet
1188 1653 1342 1730 tempore
1387 1647 1426 1712 ad

298 1759 533 1826 commissarios
555 1761 673 1824 iterum
696 1759 862 1841 delegatus
887 1765 946 1822 est.
988 1757 1050 1834 dui
1072 1777 1170 1840 quum
1193 1757 1339 1822 scribam
1361 1779 1423 1822 mo-

296 1870 450 1951 nuissent,
472 1892 512 1934 ne
534 1871 567 1934 in
589 1870 673 1934 tales
696 1890 730 1933 se
751 1869 933 1952 imponeret
953 1889 1077 1949 causas,
1105 1868 1235 1934 tabulas
1258 1869 1350 1934 sicut
1371 1891 1420 1934 an-

296 1986 352 2046 tea
380 1980 607 2066 repudiabant.
660 1979 773 2046 Scriba
799 1980 897 2063 igitur
924 1979 1046 2045 tabulis
1080 1977 1122 2044 ad
1153 1978 1257 2044 solum
1286 1979 1416 2065 dejectis

297 2092 347 2158 ira
368 2090 509 2176 flagrans
532 2092 622 2160 abiit.
635 2089 674 2170 ²⁸)

297 2363 352 2412 tarn
370 2362 516 2412 exilitatis
538 2363 573 2412 ab
596 2361 818 2413 Interessentibus
841 2361 909 2412 datis
931 2373 1010 2423 qnam
1033 2373 1067 2410 ex
1088 2361 1201 2422 epistola
1223 2363 1352 2426 quadam,
1371 2368 1409 2421 qua

297 2457 454 2522 imperator,
471 2457 609 2520 postquam
627 2457 710 2517 legati
728 2455 934 2516 Duesseldorpio
953 2456 1136 2520 decesserant,
1163 2455 1283 2522 ordines,
1306 2460 1336 2506 nt
1356 2467 1411 2504 com·

297 2550 476 2602 misseriorum
497 2550 637 2602 obedirent
653 2549 817 2614 praeceptis,
840 2550 995 2600 adhortatus
1013 2551 1065 2614 est,
1087 2561 1137 2598 neo
1154 2561 1208 2599 non
1225 2561 1259 2598 ex
1277 2550 1410 2600 litterarum

299 2645 412 2705 quodam
424 2646 601 2709 monumento,
620 2645 690 2706 quod
703 2645 789 2695 exstet
806 2643 833 2692 in
851 2643 1046 2704 Senkenbergii
1064 2642 1174 2692 historia
1191 2641 1297 2704 imperii
1313 2644 1409 2693 derma-

299 2736 353 2786 nici
370 2736 398 2784 In
415 2738 492 2798 parte
505 2737 606 2788 XVIII.
625 2751 650 2798 p.
664 2743 722 2788 268.
741 2748 797 2798 seq.
816 2737 886 2798 quod
898 2736 1002 2798 quando
1021 2736 1146 2796 scriptum
1164 2735 1199 2785 sit
1217 2737 1245 2785 in
1265 2747 1361 2786 excursu
1372 2731 1402 2779 Π.

299 2829 466 2880 disseremus.
502 2831 552 2881 Est
569 2831 658 2879 autem
676 2841 710 2879 ex
727 2831 849 2889 mscrpto.
874 2831 986 2892 quodam
1004 2830 1187 2880 Bibliothecae
1206 2827 1345 2880 Giessensis
1364 2822 1402 2873 iol.

299 2929 358 2976 361.
382 2925 550 2988 exscriptum.
587 2923 669 2988 Cujus
686 2923 848 2974 monumenti
866 2925 948 2975 verba
965 2923 1093 2974 memoria
1110 2923 1174 2974 satis
1192 2923 1273 2984 digna
1291 2921 1409 2974 videntur:

298 3019 350 3070 wie
369 3019 421 3070 dan
439 3019 478 3070 sie
496 3021 539 3070 die
558 3019 737 3070 Oommtssarii
761 3033 794 3068 zu
812 3018 864 3067 den
882 3018 958 3068 Ende
980 3019 1034 3082 bey
1051 3017 1216 3068 Loebaeiten
1233 3016 1358 3082 weyland
1374 3015 1414 3063 des

298 3111 378 3161 Alcen
394 3114 527 3172 Hertzogs
544 3111 671 3161 Wilhelm
694 3111 815 3169 sehligen
832 3111 889 3160 sich
907 3112 954 3160 mit
973 3113 1026 3160 den
1042 3111 1166 3162 Raethen
1184 3112 1231 3160 des
1248 3112 1415 3186 Recessuver-

299 3203 405 3265 alidhen
422 3205 524 3270 habens
540 3205 637 3270 sollens
653 3216 682 3254 so
700 3203 739 3254 sei
751 3203 819 3254 doch
832 3203 908 3252 Inrer
920 3204 983 3267 kay.
996 3205 1063 3254 Matt
1076 3205 1210 3266 hingegen
1228 3201 1419 3264 unverborgenl

296 3292 347 3348 'das
368 3298 471 3349 sclches
498 3299 566 3350 ohne
590 3299 678 3350 Unser
700 3297 799 3348 authnn
821 3299 875 3347 und
898 3299 1093 3360 Verwilligung
1116 3299 1284 3364 geschehens
1303 3299 1357 3348 ohn
1379 3310 1419 3346 an·

300 3391 417 3452 geschen
435 3393 485 3444 wir
502 3393 581 3442 theiis
599 3393 627 3442 in
644 3393 707 3442 derr
718 3393 820 3442 Person
836 3392 917 3442 theiis
934 3393 1017 3442 durch
1035 3405 1130 3444 unsere
1144 3393 1306 3458 Gesandtens
1324 3405 1420 3454 gegan-

302 3482 399 3546 wiirtig
421 3497 561 3546 gewassen
582 3487 636 3536 und
658 3486 709 3536 wit
731 3486 895 3536 derohalben
922 3488 971 3537 mit
992 3488 1096 3538 solcher
1118 3488 1282 3548 Verfassung
1309 3486 1424 3550 damalss

300 3577 352 3628 wie
370 3580 439 3630 auch
455 3581 524 3632 noch
544 3581 594 3646 niis
609 3579 748 3631 anbieden
769 3580 827 3630 sein
843 3580 968 3630 kdhnnen
981 3580 1102 3631 Sondern
1118 3580 1195 3630 daiiir
1212 3595 1246 3630 au
1263 3581 1349 3631 bitten
1367 3592 1422 3631 rer·

300 3672 408 3724 ursacht
425 3675 543 3740 worden(
576 3675 713 3726 Inmassen
735 3675 805 3724 daun
828 3675 897 3725 auch
919 3675 962 3725 die
979 3673 1150 3724 Landstinde
1171 3675 1306 3736 gemelten
1323 3675 1423 3726 Recess

302 3777 363 3818 aues
381 3767 560 3818 sonderbaren
577 3768 759 3820 Erhdblichen
776 3769 916 3821 Ursachen
932 3768 1175 3829 wiedersprochen
1192 3769 1254 3819 Und
1278 3769 1423 3819 denselben

300 3860 482 3918 anamehmen
499 3862 671 3914 bedenkhens
684 3862 827 3922 Gehagen
844 3862 894 3912 His
911 3864 939 3912 et
950 3861 1078 3914 similibus
1089 3863 1154 3914 satis
1166 3863 1273 3928 clarum,
1291 3873 1423 3914 recessum

299 3966 433 4018 nmquam
451 3955 576 4020 „sobtid‘
594 3957 684 4008 inisse.
720 3958 753 4008 cf.
771 3968 832 4018 pag.
851 3961 891 4008 14.
910 3956 938 4004 in
955 3956 1015 4005 add.

349 4045 383 4112 ²⁸)
401 4050 507 4112 Mscrpt
519 4049 617 4112 Hdlbg.
630 4051 675 4101 tot
689 4055 797 4104 96-98.
824 4050 944 4100 Litterae
961 4048 1191 4104 intercessionales
1202 4063 1290 4115 neque
1308 4051 1421 4104 altaria

300 4141 432 4194 Eleondra
460 4155 546 4208 neque
575 4157 592 4193 a
619 4145 715 4206 legatis
736 4143 978 4205 Brandenburgicis
1006 4146 1169 4208 subscriptae
1197 4148 1265 4198 sunt
1309 4147 1421 4198 Ducissa

300 4233 534 4300 Duesseldorpium
556 4239 618 4288 ante
642 4239 711 4288 diem
730 4245 753 4289 9.
776 4253 811 4288 m.
833 4239 898 4289 Dec.
921 4239 1079 4306 reliquerat,
1102 4241 1306 4302 Brandenburgi
1332 4221 1419 4292 antem

251 4357 253 4361 .
301 4329 329 4377 et
345 4329 466 4396 Borussi,
489 4333 533 4398 qui
551 4345 583 4382 eo
600 4334 719 4394 tempore
738 4333 937 4393 Dueeseldorpii
955 4334 1052 4384 versati
1071 4336 1159 4399 erant,
1177 4334 1205 4383 in
1222 4335 1304 4386 libros
1322 4336 1418 4385 aerarii

1472 4322 1474 4388 ι

1472 4391 1474 4473 l
