2980 5040
217 411 224 426 '
333 425 377 490 De
401 427 567 491 conventu⁴
580 424 859 507 Duesseldorpensi
882 443 920 492 ao
943 428 1024 494 1113.

181 535 324 600 loannes
347 533 505 615 Georgius
528 535 627 615 enim,
655 534 842 598 Joachimus
864 535 1064 618 Fridericus,
1087 537 1242 622 Georgius
1297 563 1301 574 ’

104 645 318 726 Fridericus,
348 645 405 728 qui
433 643 508 707 inde
531 645 572 708 ab
594 665 678 710 anuo
702 643 783 708 1577
805 645 969 710 Prussiam
991 647 1241 730 administravit3

102 757 288 822 Palatinus
311 754 546 837 Neoburgicus,
575 755 744 820 Palatinus
766 755 972 838 Bipontinus,
1003 758 1059 841 qui
1080 779 1241 825 recessum

102 865 326 950 imperatoris
348 865 452 930 adhuc
474 864 740 948 depravabantur,
764 887 862 948 quum
883 867 1117 933 intellexissent
1132 876 1242 936 auoto-

105 979 253 1042 ritatem
281 981 314 1040 et
336 975 411 1059 jura
439 977 711 1041 Interressentum
739 977 773 1040 in
796 977 965 1043 ducatibus
987 979 1067 1044 satis
1091 1000 1162 1046 esse
1183 982 1242 1046 mi-

109 1092 215 1166 nuta,
248 1087 370 1170 legatos
394 1086 661 1170 Dusseldorpium
687 1088 853 1152 miserunt.
896 1088 1024 1166 Quibus
1051 1090 1242 1158 mandatum

113 1203 169 1262 est
191 1203 228 1262 ut
250 1219 322 1262 oum
344 1197 509 1262 ordinibus
531 1198 697 1278 universis,
721 1219 784 1282 quo
807 1197 902 1265 modo
924 1198 1051 1265 firmum
1071 1201 1242 1288 imperium

111 1309 362 1389 institueretur,
390 1309 602 1374 consulerent.
647 1308 829 1393 Sperabant
858 1311 969 1392 igitur,
998 1310 1067 1377 fore
1094 1320 1132 1379 ut
1158 1335 1241 1398 quae
1310 1377 1315 1386 ,

113 1419 332 1485 commissarii
353 1419 559 1502 imperatoris
582 1419 707 1486 duobus
729 1419 798 1485 iere
820 1422 914 1515 apriis
937 1427 1036 1488 antea
1056 1424 1242 1507 aurierant,

110 1531 178 1615 ipsi
201 1529 329 1596 efficere
352 1536 493 1612 possent.
536 1531 620 1596 Nam
642 1532 788 1615 quamvis
810 1553 875 1596 non
895 1532 1072 1614 nescirent,
1096 1536 1242 1602 consilie-

113 1643 183 1706 rios
205 1642 324 1708 iterum
346 1645 444 1724 atque
467 1641 585 1706 iterum
615 1641 656 1706 ab
677 1641 872 1726 imperatore
894 1643 1025 1726 petiise,
1052 1651 1089 1709 ut
1109 1666 1162 1712 res
1185 1646 1242 1712 Ju-

115 1754 222 1818 liacae
251 1732 427 1816 secuudum
454 1773 616 1818 recessum
649 1759 925 1836 temperarentur,
957 1760 1068 1820 tamen
1098 1777 1153 1821 eos
1179 1777 1243 1822 nou

116 1865 216 1947 fugit,
245 1863 375 1928 ordines
403 1863 508 1928 adhuc
535 1883 638 1946 usque
665 1885 868 1948 summopere
891 1886 1054 1940 recessum
1075 1867 1243 1952 repellere.

119 1976 233 2057 quue
259 1974 361 2056 magis
388 1973 457 2038 fieri
487 1974 642 2054 debebat,
670 1980 707 2038 ut
734 1975 782 2039 illi
809 1995 880 2040 cum
909 1977 1181 2042 Interessentibus
1204 1997 1243 2042 se
1325 2041 1328 2052 ,

124 2085 368 2168 conjungerent,
398 2085 485 2168 quod
513 2083 675 2150 nonnullis
701 2086 771 2168 jam
794 2088 1002 2169 expertibus
1025 2085 1243 2170 evulgabatur',

123 2196 350 2280 imperatorem
379 2201 486 2260 terras
514 2195 659 2260 Julianus
689 2195 761 2260 eliis
791 2195 927 2262 dominis
957 2198 1062 2280 pretio
1092 2197 1243 2264 daturum

122 2307 248 2383 essem).

186 2416 410 2501 Dusseldorpii
439 2439 536 2500 quum
569 2424 743 2482 conventus
774 2424 859 2499 erat,
896 2419 1019 2502 placuit
1047 2420 1171 2502 legatos
1200 2419 1243 2484 ad

123 2527 294 2594 Gaesarem
322 2548 394 2592 oum
416 2528 526 2592 libello
556 2529 697 2611 quodam
728 2530 823 2594 mitti.
867 2529 928 2606 Qui
957 2530 1000 2594 ad
1021 2530 1106 2594 diem
1129 2530 1179 2594 25.
1201 2551 1243 2594 m.

125 2638 198 2704 Nor.
220 2639 254 2702 in
275 2639 373 2712 illum¹
386 2659 421 2704 se
437 2638 582 2703 conferre
597 2639 713 2720 locum,
736 2661 799 2722 quo
814 2639 972 2704 liudolfus
988 2645 1243 2705 commoraturus

125 2757 216 2829 esset,
235 2750 319 2832 jussi
341 2733 432 2814 sunt'
458 2749 582 2816 Libello
605 2755 714 2814 autem
736 2751 927 2834 inscriptum
942 2750 1060 2825 iuit⁴¹iz
1081 2771 1243 2816 recessum

125 2861 164 2926 ab
185 2861 380 2942 imperatore
404 2862 623 2942 coustitutum,
646 2881 744 2944 quum
766 2881 872 2944 neque
888 2861 1148 2928 Interessentum-
1163 2862 1244 2945 juri·

127 3119 212 3157 eorum
231 3106 386 3168 impugnant
403 3105 430 3154 11
448 3105 583 3155 certamen
601 3117 659 3154 cum
677 3105 814 3156 ordinibus
831 3106 947 3156 veniunt.
982 3105 1120 3156 Jacobaea
1140 3107 1244 3158 ducissa

127 3215 201 3263 quum
219 3200 339 3250 ordinum
351 3199 489 3250 1011111111
507 3211 591 3262 aequo
608 3200 685 3250 modo
698 3199 804 3250 resistet
822 3201 879 3260 (eir.
892 3199 1056 3250 wahrbaiter
1073 3200 1245 3250 010.Βο110111

129 3307 187 3357 pag.
206 3297 264 3356 191)
286 3295 420 3358 ordinum,
439 3321 471 3330 -
496 3305 627 3356 quumque
650 3307 764 3344 summas
785 3304 873 3343 rerum
895 3295 1012 3359 appetat,
1036 3295 1244 3346 consiliariorum

128 3375 180 3451 j'nm
197 3391 251 3438 tum
270 3389 380 3449 suscipit
397 3387 556 3438 inimicitias.
592 3387 664 3449 Quas
681 3385 772 3448 paneis
790 3387 866 3436 anuis
883 3389 942 3446 post
960 3388 985 3437 oi
1005 3388 1182 3439 tristissimum
1199 3401 1244 3450 pa·

129 3495 197 3534 rasse
216 3483 314 3532 exitum
338 3483 448 3532 constat.
483 3481 525 3531 De
549 3482 631 3531 caede
657 3483 715 3542 ejus
738 3483 823 3542 (1101)
845 3479 911 3530 nihil
935 3481 1021 3531 dicam
1045 3482 1244 3544 praeterquod

130 3590 193 3626 1110
213 3577 349 3638 10001111
368 3575 533 3627 consiliarios
551 3575 793 3626 018010101111111
805 3575 948 3635 praecipue
961 3574 1145 3625 interfectores
1163 3573 1244 3624 misse

132 3671 290 3731 divulgatum
308 3671 350 3721 sit.
369 3672 412 3731 (ci.
431 3671 502 3720 Beer
519 3682 536 3718 a
553 3668 626 3718 Lahr
643 3681 687 3729 pp.
708 3671 758 3730 10.)

195 3763 229 3820 4⁰)
247 3765 306 3814 Rex
324 3763 500 3824 Hispanorum
518 3763 711 3814 nominabatur.

195 3856 230 3919 4¹)
249 3857 369 3907 Libellus
386 3869 464 3920 quem
482 3857 631 3906 nominent:
654 3855 793 3906 1101101111
810 3856 917 3906 Jobeun
935 3855 1046 3921 Georgs,
1065 3855 1244 3916 (100111110-

134 3944 302 4017 drichs,'etc.
326 3963 382 4000 was
404 3951 447 4000 die
471 3951 568 4001 herren
586 3950 739 4002 Gesandten
760 3951 804 4000 bei
822 3950 998 4000 licem-Kaio.
1025 3949 1093 4000 auch
1117 3962 1149 3999 au
1171 3960 1244 4008 prose

135 4047 249 4107 bmgem
271 4045 324 4094 und
348 4043 472 4094 bebaimb
490 4044 580 4104 Kiinig
597 4045 671 4108 Mayt
694 4055 791 4094 unsern
809 4043 1034 4104 aliergnitdigsteu
1055 4043 1135 4092 herm
1152 4041 1243 4090 silent·

136 4141 226 4191 belbeu
248 4137 398 4190 verrichteu
425 4139 534 4187 werben
565 4139 618 4188 und
645 4139 791 4198 anbringen
818 4138 901 4188 solien
928 4137 1013 4188 exstat
1034 4135 1104 4197 apud
1127 4133 1244 4185 Seuken·

138 4236 198 4295 berg
214 4235 289 4285 xix:
313 4231 542 4292 Senksuberrium
564 4245 616 4282 non
638 4233 710 4282 reete
730 4232 864 4294 judicasse
882 4232 1000 4282 libellum
1022 4242 1054 4280 ao
1077 4233 1140 4281 1101
1164 4229 1245 4292 scrip·

139 4329 186 4378 tum
205 4341 262 4380 esse
280 4329 308 4380 iu
325 4338 437 4376 excursu
455 4325 490 4376 IL
509 4325 751 4398 demonstravimus.
