2980 5040
502 301 714 365 -49..

30 490 198 577 liganda
221 497 305 558 sunt.
349 491 437 557 Dicit
459 491 598 556 enimin
620 491 759 575 epistola
781 491 811 557 d.
837 491 885 557 18.
907 513 949 557 m.
971 493 1036 577 Mgi
1058 495 1190 580 scripta,

30 602 397 686 Brandeuburgorum
426 603 557 687 quidem
587 623 718 668 oausam
744 603 778 669 in
805 603 980 670 Germania
1001 626 1022 670 a
1043 605 1191 690 pluribus

33 713 249 782 sustentari
270 733 369 798 quam
389 713 642 798 Neoburgornm,
664 713 723 780 hos
751 719 861 781 autern
882 715 1131 782 necessitatibus
1152 735 1192 783 ac

40 824 298 910 desperatione
321 829 467 890 coactum
496 823 537 888 iri
558 823 715 890 auxilium
736 829 848 909 petere
876 825 994 908 abiis,
1031 827 1087 910 qui
1112 827 1192 892 nihil

46 936 237 1021 antiquius
258 935 425 1017 baberent,
448 955 546 1019 quam
567 939 605 999 ut
627 933 781 1001 ducatum
802 937 1132 1022 praeoccuparent.⁴³)

136 1046 217 1112 Inde
243 1068 264 1114 a
290 1067 332 1112 m.
354 1047 430 1131 Apr.
459 1051 595 1111 exeunte
625 1046 707 1111 haec
733 1049 818 1113 ratio
840 1047 974 1132 politica
1000 1047 1193 1133 Francogal-

57 1158 113 1224 lis
135 1157 267 1241 placuit.
312 1156 350 1222 D.
373 1158 458 1222 enim
483 1155 524 1220 26
545 1177 587 1223 m.
609 1157 687 1240 Apr.
709 1157 893 1242 Villeroius,
915 1159 971 1243 qui
992 1159 1061 1243 regi
1082 1157 1124 1226 ab
1145 1159 1193 1224 in-

63 1271 154 1334 timo
176 1267 238 1334 fuit
259 1268 409 1348 consilio,
438 1267 564 1333 scribit:
593 1268 854 1354 Brandenburgis
883 1269 1013 1356 quidem
1038 1269 1194 1353 favemus,

62 1380 132 1448 sed
170 1385 333 1465 optamus,
376 1383 413 1444 ut
449 1378 547 1444 etiam
578 1378 810 1464 Neoburgus⁴⁴t
848 1381 1057 1448 successionis
1093 1382 1195 1466 parti-

63 1513 151 1576 ceps
174 1491 227 1556 sit.

139 1602 225 1680 Quin
247 1602 346 1668 etiam
367 1601 545 1667 Jeanninus
565 1606 643 1667 tuno
672 1608 797 1684 censet,
826 1601 930 1687 primo
958 1622 1091 1687 operam
1116 1601 1196 1668 dan-

67 1713 155 1782 dam
177 1733 263 1794 esse,
285 1717 323 1778 ut
342 1711 457 1778 foedus
479 1711 551 1794 fiat,
574 1714 602 1778 si
622 1712 694 1778 fieri
713 1735 778 1779 non
799 1713 916 1798 possit,
940 1732 1072 1778 causam
1094 1713 1197 1778 Bran-

68 1823 316 1908 denburgorum
342 1824 593 1908 promovendam
615 1823 739 1912 esse.⁴⁵)
783 1823 1066 1908 Francogallorum
1087 1829 1198 1889 autem

69 1937 200 2023 placita
215 1928 381 2001 ordinibus
394 1940 556 2000 terrarum
570 1937 770 2002 nuntiantur.
800 1935 839 2001 D.
855 1937 905 2000 25.
920 1957 962 2000 m.
976 1935 1053 2018 Apr.
1069 1931 1198 1999 ordines

73 2049 114 2116 iu
136 2051 293 2114 conventu
313 2045 527 2128 Dinslacensi,
549 2068 649 2132 quum
672 2053 705 2112 et
726 2048 905 2132 imperator
927 2051 960 2110 et
981 2065 1039 2109 rer
1059 2045 1199 2110 Franco·

78 2158 197 2245 galbae
219 2157 395 2242 Statusque
418 2157 534 2222 eadem
555 2157 730 2239 suaserint,
758 2177 798 2222 ex
824 2153 1117 2222 Praetendentibus
1142 2174 1199 2220 ne·

77 2271 200 2338 minem
221 2269 388 2354 praeferre
409 2265 643 2353 decorumst)

145 2382 252 2467 Atque
278 2380 432 2447 Hollandi
459 2380 589 2466 quidem
619 2379 904 2464 Franoogallorum
930 2377 1099 2444 sententiis
1127 2398 1202 2442 con·

76 2495 236 2562 sentiunt.
284 2491 446 2558 Pervincit
476 2493 575 2576 igitur
606 2511 646 2557 ea
678 2491 782 2573 ratio,
811 2511 895 2575 quae
926 2510 1041 2574 paoem
1055 2487 1201 2584 ‘maurit

79 2627 181 2693 quam
208 2603 338 2672 bellum.
387 2604 477 2682 Quae
514 2609 625 2668 tamen
665 2621 738 2667 cum
774 2599 944 2668 desideriis
979 2599 1202 2683 indigenarum

81 2716 290 2802 congruebat.

146 2829 286 2913 Legatos
329 2828 415 2894 enim
452 2824 754 2908 Braudenburgicos
792 2823 848 2908 qui
881 2821 986 2908 primo
1024 2819 1203 2902 edixerant,

79 2943 260 3010 electorem
280 2941 316 3006 in
330 2940 472 3006 animum
493 2937 658 3002 induxisse
679 2939 718 2999 ut
738 2933 852 2999 foedus
868 2953 941 2998 oum
955 2931 1126 3013 Neoburgo
1141 2951 1205 2994 nou

78 3058 271 3133 novaretur,
297 3057 399 3136 utque
424 3055 532 3114 terrae
557 3043 925 3131 praeoccuparentur,⁴⁷)
953 3063 1019 3108 non
1045 3039 1143 3124 fugit,
1170 3058 1206 3106 ss

156 3366 193 3438 ιι)
210 3369 236 3420 ie
253 3368 370 3432 premier
386 3365 591 3420 veritablement
608 3364 650 3416 est
666 3362 726 3424 pius
736 3361 791 3435 tort
802 3359 895 3410 d'amis
907 3371 941 3408 en
952 3358 1124 3423 Allemagn03
1141 3355 1209 3408 mats

86 3465 184 3533 l'autre
201 3463 322 3526 pourrsit
346 3475 396 3526 par
414 3459 550 3521 desespoir
574 3459 602 3507 et
624 3454 757 3507 necessita
779 3452 836 3504 dtre
863 3453 974 3504 recnelli
996 3453 1025 3501 ot
1045 3449 1159 3502 furoris&
1177 3447 1209 3502 de

88 3559 139 3614 tela
160 3558 205 3629 qui
222 3556 378 3628 pocnuieot
396 3552 568 3626 grandescent
587 3550 642 3602 a’ea
660 3547 802 3619 preooloir.
837 3547 891 3600 J’ai
915 3547 982 3598 ecrit
1003 3546 1032 3594 et
1052 3544 1102 3596 tait
1124 3542 1210 3594 eene

89 3669 145 3708 aur
160 3667 209 3705 uns
227 3655 254 3703 et
272 3665 324 3703 aux
342 3653 432 3702 autres
448 3661 498 3710 par
515 3647 587 3696 leurs
604 3644 671 3694 arnis
688 3657 755 3705 pour
772 3643 812 3693 les
829 3643 956 3703 desposer
974 3638 991 3690 a
1007 3637 1164 3690 s'accorder.

159 3745 196 3815 ⁴⁴)
214 3747 308 3798 Addit:
334 3743 479 3807 parcequ’ss
497 3743 539 3792 est
555 3739 627 3790 aussi
650 3737 684 3788 de
708 3751 755 3788 nos
780 3737 846 3786 amis
871 3737 899 3785 et
922 3746 974 3798 que
996 3745 1062 3784 nous
1086 3731 1212 3785 estimont

93 3841 148 3897 s’its
163 3839 259 3895 etaient
279 3837 405 3892 &accord
427 3851 475 3908 que
498 3839 578 3888 tocies
601 3831 687 3885 eborea
709 3827 904 3882 succideros'cot
925 3826 1010 3880 micres
1033 3825 1160 3892 (Jcannin
1177 3823 1211 3878 V.

94 3951 122 4002 p.
140 3935 207 4005 ιιι.)

162 4029 198 4098 ⁴⁵)
215 4030 241 4081 d.
259 4031 300 4081 tt.
318 4041 354 4077 m.
370 4027 436 4088 apr.
453 4025 570 4076 Jeaunin
586 4022 620 4074 V.
637 4035 664 4083 p.
682 4025 742 4071 412.

163 4120 198 4190 ⁴⁶)
216 4125 258 4176 Ex
275 4121 366 4175 codice
383 4121 491 4180 Mserpt.
509 4117 597 4168 Berol.
616 4115 662 4166 fol.
680 4119 739 4166 852.
757 4113 791 4163 oi.
808 4123 853 4174 pg.
872 4114 913 4162 oo.

163 4217 200 4288 ⁴⁷)
216 4218 348 4280 Legatum
365 4211 628 4272 Brandeuburgicum
647 4209 736 4259 Status
748 4207 913 4267 vituperasse
930 4200 1000 4265 quod
1011 4197 1118 4250 ordines
1129 4197 1215 4250 Julis·

103 4327 145 4366 cor
165 4311 372 4375 admonuissent,
397 4307 427 4358 ιιι
454 4306 525 4356 inter
550 4304 737 4368 competitores
759 4299 879 4352 nennius
900 4295 985 4357 partis
1002 4293 1112 4359 starent,
1133 4289 1216 4342 tradit

105 4409 243 4461 Jeanninus
259 4409 293 4460 V.
310 4419 337 4469 p.
355 4409 414 4456 tto.

1011 4488 1031 4542 4
