<?xml version="1.0" encoding="UTF-8"?>
<!DOCTYPE html PUBLIC "-//W3C//DTD XHTML 1.0 Transitional//EN"
    "http://www.w3.org/TR/xhtml1/DTD/xhtml1-transitional.dtd">
<html xmlns="http://www.w3.org/1999/xhtml" xml:lang="en" lang="en">
 <head>
  <title>
</title>
<meta http-equiv="Content-Type" content="text/html;charset=utf-8" />
  <meta name='ocr-system' content='tesseract 3.04.00' />
  <meta name='ocr-capabilities' content='ocr_page ocr_carea ocr_par ocr_line ocrx_word'/>
</head>
<body>
  <div class='ocr_page' id='page_1' title='image "./deimperiobrande00hassgoog_0056.png"; bbox 0 0 2980 5040; ppageno 0'>
   <div class='ocr_carea' id='block_1_1' title="bbox 549 281 760 348">
    <p class='ocr_par' dir='ltr' id='par_1_1' title="bbox 549 281 760 348">
     <span class='ocr_line' id='line_1_1' title="bbox 549 281 760 348; baseline 0 -16"><span class='ocrx_word' id='word_1_1' title='bbox 549 281 760 348; x_wconf 53' lang='lat'>..23-</span> 
     </span>
    </p>
   </div>
   <div class='ocr_carea' id='block_1_2' title="bbox 95 557 1152 756">
    <p class='ocr_par' dir='ltr' id='par_1_2' title="bbox 95 557 1152 756">
     <span class='ocr_line' id='line_1_2' title="bbox 95 557 1152 644; baseline 0.001 -16"><span class='ocrx_word' id='word_1_2' title='bbox 95 561 154 628; x_wconf 87' lang='lat' dir='ltr'>De</span> <span class='ocrx_word' id='word_1_3' title='bbox 178 559 351 628; x_wconf 63' lang='lat' dir='ltr'>muntiis</span> <span class='ocrx_word' id='word_1_4' title='bbox 372 559 551 642; x_wconf 88' lang='lat' dir='ltr'>principun</span> <span class='ocrx_word' id='word_1_5' title='bbox 572 557 839 636; x_wconf 73' lang='lat' dir='ltr'>ecmannum,</span> <span class='ocrx_word' id='word_1_6' title='bbox 860 558 988 628; x_wconf 82' lang='lat' dir='ltr'>Hauriat</span> <span class='ocrx_word' id='word_1_7' title='bbox 1009 563 1097 644; x_wconf 76' lang='lat' dir='ltr'>regis</span> <span class='ocrx_word' id='word_1_8' title='bbox 1118 565 1152 630; x_wconf 86' lang='lat' dir='ltr'>st</span> 
     </span>
     <span class='ocr_line' id='line_1_3' title="bbox 218 669 1053 756; baseline 0.002 -20"><span class='ocrx_word' id='word_1_9' title='bbox 218 669 465 752; x_wconf 80' lang='lat' dir='ltr'>Hellandcrun3</span> <span class='ocrx_word' id='word_1_10' title='bbox 487 687 539 736; x_wconf 88' lang='lat' dir='ltr'>res</span> <span class='ocrx_word' id='word_1_11' title='bbox 562 687 582 736; x_wconf 88' lang='lat' dir='ltr'>a</span> <span class='ocrx_word' id='word_1_12' title='bbox 603 669 889 738; x_wconf 85' lang='lat' dir='ltr'>Praetendentibus</span> <span class='ocrx_word' id='word_1_13' title='bbox 911 672 1053 756; x_wconf 79' lang='lat' dir='ltr'>seguiter</span> 
     </span>
    </p>
   </div>
   <div class='ocr_carea' id='block_1_3' title="bbox 45 782 1196 3448">
    <p class='ocr_par' dir='ltr' id='par_1_3' title="bbox 558 782 710 866">
     <span class='ocr_line' id='line_1_4' title="bbox 558 782 710 866; baseline 0 -18"><span class='ocrx_word' id='word_1_14' title='bbox 558 782 710 866; x_wconf 79' lang='lat' dir='ltr'>aguntur.</span> 
     </span>
    </p>

    <p class='ocr_par' dir='ltr' id='par_1_4' title="bbox 45 913 1196 1556">
     <span class='ocr_line' id='line_1_5' title="bbox 128 913 1194 999; baseline 0.004 -19"><span class='ocrx_word' id='word_1_15' title='bbox 128 913 288 980; x_wconf 84' lang='lat' dir='ltr'>Attamen</span> <span class='ocrx_word' id='word_1_16' title='bbox 309 919 438 980; x_wconf 85' lang='lat' dir='ltr'>tantum</span> <span class='ocrx_word' id='word_1_17' title='bbox 460 913 584 998; x_wconf 90' lang='lat' dir='ltr'>aberat,</span> <span class='ocrx_word' id='word_1_18' title='bbox 605 920 643 980; x_wconf 91' lang='lat' dir='ltr'>ut</span> <span class='ocrx_word' id='word_1_19' title='bbox 663 935 716 980; x_wconf 88' lang='lat' dir='ltr'>res</span> <span class='ocrx_word' id='word_1_20' title='bbox 740 921 1016 999; x_wconf 82' lang='lat' dir='ltr'>componerentur,</span> <span class='ocrx_word' id='word_1_21' title='bbox 1039 923 1077 982; x_wconf 90' lang='lat' dir='ltr'>ut</span> <span class='ocrx_word' id='word_1_22' title='bbox 1094 917 1194 984; x_wconf 87' lang='lat' dir='ltr'>Wolf-</span> 
     </span>
     <span class='ocr_line' id='line_1_6' title="bbox 45 1025 1194 1113; baseline 0.003 -20"><span class='ocrx_word' id='word_1_23' title='bbox 45 1047 193 1111; x_wconf 78' lang='lat' dir='ltr'>gangus</span> <span class='ocrx_word' id='word_1_24' title='bbox 215 1025 402 1108; x_wconf 86' lang='lat' dir='ltr'>Guilelmus,</span> <span class='ocrx_word' id='word_1_25' title='bbox 425 1048 524 1111; x_wconf 90' lang='lat' dir='ltr'>quum</span> <span class='ocrx_word' id='word_1_26' title='bbox 543 1026 747 1111; x_wconf 75' lang='lat' dir='ltr'>intelligeret,</span> <span class='ocrx_word' id='word_1_27' title='bbox 770 1025 899 1093; x_wconf 86' lang='lat' dir='ltr'>ordines</span> <span class='ocrx_word' id='word_1_28' title='bbox 914 1049 998 1111; x_wconf 87' lang='lat' dir='ltr'>quae</span> <span class='ocrx_word' id='word_1_29' title='bbox 1014 1027 1054 1093; x_wconf 91' lang='lat' dir='ltr'>de</span> <span class='ocrx_word' id='word_1_30' title='bbox 1066 1029 1194 1113; x_wconf 85' lang='lat' dir='ltr'>juribus</span> 
     </span>
     <span class='ocr_line' id='line_1_7' title="bbox 53 1137 1195 1224; baseline 0.004 -22"><span class='ocrx_word' id='word_1_31' title='bbox 53 1137 138 1202; x_wconf 74' lang='lat' dir='ltr'>arms</span> <span class='ocrx_word' id='word_1_32' title='bbox 161 1137 349 1221; x_wconf 83' lang='lat' dir='ltr'>protulisset</span> <span class='ocrx_word' id='word_1_33' title='bbox 369 1159 486 1222; x_wconf 90' lang='lat' dir='ltr'>parum</span> <span class='ocrx_word' id='word_1_34' title='bbox 507 1139 678 1222; x_wconf 80' lang='lat' dir='ltr'>respicere,</span> <span class='ocrx_word' id='word_1_35' title='bbox 699 1139 762 1204; x_wconf 90' lang='lat' dir='ltr'>nisi</span> <span class='ocrx_word' id='word_1_36' title='bbox 782 1139 918 1223; x_wconf 87' lang='lat' dir='ltr'>imperio</span> <span class='ocrx_word' id='word_1_37' title='bbox 940 1145 1195 1224; x_wconf 82' lang='lat' dir='ltr'>praeponeretur</span> 
     </span>
     <span class='ocr_line' id='line_1_8' title="bbox 56 1247 1196 1335; baseline 0.004 -22"><span class='ocrx_word' id='word_1_38' title='bbox 56 1248 192 1314; x_wconf 90' lang='lat' dir='ltr'>bellum</span> <span class='ocrx_word' id='word_1_39' title='bbox 213 1247 432 1315; x_wconf 86' lang='lat' dir='ltr'>denunciaret.</span> <span class='ocrx_word' id='word_1_40' title='bbox 472 1251 561 1328; x_wconf 84' lang='lat' dir='ltr'>Quae</span> <span class='ocrx_word' id='word_1_41' title='bbox 584 1272 647 1335; x_wconf 91' lang='lat' dir='ltr'>quc</span> <span class='ocrx_word' id='word_1_42' title='bbox 668 1251 827 1335; x_wconf 84' lang='lat' dir='ltr'>majorem</span> <span class='ocrx_word' id='word_1_43' title='bbox 849 1249 992 1316; x_wconf 89' lang='lat' dir='ltr'>omnium</span> <span class='ocrx_word' id='word_1_44' title='bbox 1014 1251 1196 1317; x_wconf 84' lang='lat' dir='ltr'>excitarent</span> 
     </span>
     <span class='ocr_line' id='line_1_9' title="bbox 58 1360 1194 1447; baseline 0.004 -23"><span class='ocrx_word' id='word_1_45' title='bbox 58 1361 219 1426; x_wconf 89' lang='lat' dir='ltr'>timorem</span> <span class='ocrx_word' id='word_1_46' title='bbox 258 1360 392 1446; x_wconf 87' lang='lat' dir='ltr'>adjecit,</span> <span class='ocrx_word' id='word_1_47' title='bbox 431 1381 563 1426; x_wconf 85' lang='lat' dir='ltr'>causam</span> <span class='ocrx_word' id='word_1_48' title='bbox 598 1383 690 1427; x_wconf 90' lang='lat' dir='ltr'>suam</span> <span class='ocrx_word' id='word_1_49' title='bbox 724 1382 744 1426; x_wconf 91' lang='lat' dir='ltr'>a</span> <span class='ocrx_word' id='word_1_50' title='bbox 776 1362 1008 1446; x_wconf 86' lang='lat' dir='ltr'>potentissimis</span> <span class='ocrx_word' id='word_1_51' title='bbox 1043 1363 1194 1447; x_wconf 83' lang='lat' dir='ltr'>Europae</span> 
     </span>
     <span class='ocr_line' id='line_1_10' title="bbox 58 1470 792 1556; baseline 0.003 -20"><span class='ocrx_word' id='word_1_52' title='bbox 58 1471 200 1554; x_wconf 84' lang='lat' dir='ltr'>regibus</span> <span class='ocrx_word' id='word_1_53' title='bbox 223 1471 451 1556; x_wconf 89' lang='lat' dir='ltr'>princibusque</span> <span class='ocrx_word' id='word_1_54' title='bbox 475 1472 678 1537; x_wconf 87' lang='lat' dir='ltr'>sublevatum</span> <span class='ocrx_word' id='word_1_55' title='bbox 698 1470 792 1555; x_wconf 58' lang='lat' dir='ltr'>nib).</span> 
     </span>
    </p>

    <p class='ocr_par' dir='ltr' id='par_1_5' title="bbox 59 1583 1196 2887">
     <span class='ocr_line' id='line_1_11' title="bbox 133 1583 1195 1668; baseline 0.001 -20"><span class='ocrx_word' id='word_1_56' title='bbox 133 1583 249 1667; x_wconf 87' lang='lat' dir='ltr'>Neque</span> <span class='ocrx_word' id='word_1_57' title='bbox 278 1589 403 1664; x_wconf 88' lang='lat' dir='ltr'>tamen,</span> <span class='ocrx_word' id='word_1_58' title='bbox 432 1603 530 1668; x_wconf 91' lang='lat' dir='ltr'>quum</span> <span class='ocrx_word' id='word_1_59' title='bbox 560 1603 643 1666; x_wconf 85' lang='lat' dir='ltr'>quae</span> <span class='ocrx_word' id='word_1_60' title='bbox 671 1583 727 1648; x_wconf 90' lang='lat' dir='ltr'>ille</span> <span class='ocrx_word' id='word_1_61' title='bbox 746 1583 896 1668; x_wconf 91' lang='lat' dir='ltr'>jactabat</span> <span class='ocrx_word' id='word_1_62' title='bbox 916 1583 1027 1650; x_wconf 86' lang='lat' dir='ltr'>inania</span> <span class='ocrx_word' id='word_1_63' title='bbox 1048 1583 1195 1650; x_wconf 86' lang='lat' dir='ltr'>videren-</span> 
     </span>
     <span class='ocr_line' id='line_1_12' title="bbox 59 1691 1195 1778; baseline 0.003 -20"><span class='ocrx_word' id='word_1_64' title='bbox 59 1700 132 1775; x_wconf 89' lang='lat' dir='ltr'>tur,</span> <span class='ocrx_word' id='word_1_65' title='bbox 155 1693 335 1778; x_wconf 89' lang='lat' dir='ltr'>periculum</span> <span class='ocrx_word' id='word_1_66' title='bbox 358 1699 438 1776; x_wconf 90' lang='lat' dir='ltr'>erat,</span> <span class='ocrx_word' id='word_1_67' title='bbox 459 1715 500 1758; x_wconf 93' lang='lat' dir='ltr'>ne</span> <span class='ocrx_word' id='word_1_68' title='bbox 523 1694 645 1760; x_wconf 90' lang='lat' dir='ltr'>elector</span> <span class='ocrx_word' id='word_1_69' title='bbox 660 1691 943 1778; x_wconf 85' lang='lat' dir='ltr'>Brandenburgiae</span> <span class='ocrx_word' id='word_1_70' title='bbox 964 1695 1100 1760; x_wconf 85' lang='lat' dir='ltr'>inferior</span> <span class='ocrx_word' id='word_1_71' title='bbox 1122 1717 1195 1762; x_wconf 81' lang='lat' dir='ltr'>eva-</span> 
     </span>
     <span class='ocr_line' id='line_1_13' title="bbox 61 1803 1194 1892; baseline 0.003 -22"><span class='ocrx_word' id='word_1_72' title='bbox 61 1805 172 1872; x_wconf 85' lang='lat' dir='ltr'>deret.</span> <span class='ocrx_word' id='word_1_73' title='bbox 216 1803 316 1889; x_wconf 79' lang='lat' dir='ltr'>(lujus</span> <span class='ocrx_word' id='word_1_74' title='bbox 337 1825 407 1870; x_wconf 90' lang='lat' dir='ltr'>rem</span> <span class='ocrx_word' id='word_1_75' title='bbox 428 1805 514 1870; x_wconf 91' lang='lat' dir='ltr'>inter</span> <span class='ocrx_word' id='word_1_76' title='bbox 529 1805 722 1872; x_wconf 82' lang='lat' dir='ltr'>Germaniae</span> <span class='ocrx_word' id='word_1_77' title='bbox 744 1807 905 1891; x_wconf 89' lang='lat' dir='ltr'>principes</span> <span class='ocrx_word' id='word_1_78' title='bbox 928 1807 1037 1892; x_wconf 90' lang='lat' dir='ltr'>quiet</span> <span class='ocrx_word' id='word_1_79' title='bbox 1058 1807 1194 1891; x_wconf 90' lang='lat' dir='ltr'>imperio</span> 
     </span>
     <span class='ocr_line' id='line_1_14' title="bbox 64 1915 1194 2002; baseline 0.004 -20"><span class='ocrx_word' id='word_1_80' title='bbox 64 1923 100 1982; x_wconf 91' lang='lat' dir='ltr'>et</span> <span class='ocrx_word' id='word_1_81' title='bbox 123 1917 322 1982; x_wconf 86' lang='lat' dir='ltr'>auctoritate</span> <span class='ocrx_word' id='word_1_82' title='bbox 349 1915 488 1982; x_wconf 85' lang='lat' dir='ltr'>maxime</span> <span class='ocrx_word' id='word_1_83' title='bbox 510 1917 676 2000; x_wconf 85' lang='lat' dir='ltr'>valebant,</span> <span class='ocrx_word' id='word_1_84' title='bbox 706 1918 819 2002; x_wconf 90' lang='lat' dir='ltr'>quales</span> <span class='ocrx_word' id='word_1_85' title='bbox 846 1917 1033 2000; x_wconf 77' lang='lat' dir='ltr'>Mauritius,</span> <span class='ocrx_word' id='word_1_86' title='bbox 1055 1917 1194 1986; x_wconf 89' lang='lat' dir='ltr'>Hassiae</span> 
     </span>
     <span class='ocr_line' id='line_1_15' title="bbox 69 2026 1194 2113; baseline 0.004 -21"><span class='ocrx_word' id='word_1_87' title='bbox 69 2027 192 2108; x_wconf 86' lang='lat' dir='ltr'>landio,</span> <span class='ocrx_word' id='word_1_88' title='bbox 215 2032 250 2092; x_wconf 90' lang='lat' dir='ltr'>et</span> <span class='ocrx_word' id='word_1_89' title='bbox 270 2026 454 2093; x_wconf 86' lang='lat' dir='ltr'>Friderious</span> <span class='ocrx_word' id='word_1_90' title='bbox 477 2029 541 2110; x_wconf 79' lang='lat' dir='ltr'>IV,</span> <span class='ocrx_word' id='word_1_91' title='bbox 565 2029 686 2094; x_wconf 85' lang='lat' dir='ltr'>elector</span> <span class='ocrx_word' id='word_1_92' title='bbox 707 2028 886 2110; x_wconf 86' lang='lat' dir='ltr'>Palatinus,</span> <span class='ocrx_word' id='word_1_93' title='bbox 908 2029 1011 2113; x_wconf 81' lang='lat' dir='ltr'>magis</span> <span class='ocrx_word' id='word_1_94' title='bbox 1032 2029 1194 2112; x_wconf 85' lang='lat' dir='ltr'>fovebant,</span> 
     </span>
     <span class='ocr_line' id='line_1_16' title="bbox 71 2137 1196 2224; baseline 0.004 -22"><span class='ocrx_word' id='word_1_95' title='bbox 71 2159 171 2222; x_wconf 91' lang='lat' dir='ltr'>quam</span> <span class='ocrx_word' id='word_1_96' title='bbox 192 2137 336 2204; x_wconf 86' lang='lat' dir='ltr'>alterius.</span> <span class='ocrx_word' id='word_1_97' title='bbox 379 2139 463 2203; x_wconf 88' lang='lat' dir='ltr'>Nam</span> <span class='ocrx_word' id='word_1_98' title='bbox 484 2139 682 2221; x_wconf 87' lang='lat' dir='ltr'>Friderious,</span> <span class='ocrx_word' id='word_1_99' title='bbox 712 2161 811 2224; x_wconf 90' lang='lat' dir='ltr'>quum</span> <span class='ocrx_word' id='word_1_100' title='bbox 834 2141 904 2223; x_wconf 84' lang='lat' dir='ltr'>jam</span> <span class='ocrx_word' id='word_1_101' title='bbox 932 2145 1030 2206; x_wconf 86' lang='lat' dir='ltr'>antea</span> <span class='ocrx_word' id='word_1_102' title='bbox 1056 2141 1196 2224; x_wconf 88' lang='lat' dir='ltr'>impera-</span> 
     </span>
     <span class='ocr_line' id='line_1_17' title="bbox 70 2249 1194 2334; baseline 0.002 -19"><span class='ocrx_word' id='word_1_103' title='bbox 70 2255 177 2315; x_wconf 88' lang='lat' dir='ltr'>torem</span> <span class='ocrx_word' id='word_1_104' title='bbox 199 2256 337 2333; x_wconf 86' lang='lat' dir='ltr'>orasset,</span> <span class='ocrx_word' id='word_1_105' title='bbox 365 2271 406 2315; x_wconf 92' lang='lat' dir='ltr'>ne</span> <span class='ocrx_word' id='word_1_106' title='bbox 434 2250 582 2334; x_wconf 89' lang='lat' dir='ltr'>Philippo</span> <span class='ocrx_word' id='word_1_107' title='bbox 604 2250 776 2332; x_wconf 82' lang='lat' dir='ltr'>Ludorico,</span> <span class='ocrx_word' id='word_1_108' title='bbox 804 2249 955 2316; x_wconf 88' lang='lat' dir='ltr'>Palatino</span> <span class='ocrx_word' id='word_1_109' title='bbox 981 2251 1194 2334; x_wconf 81' lang='lat' dir='ltr'>Neoburgico,</span> 
     </span>
     <span class='ocr_line' id='line_1_18' title="bbox 68 2361 1195 2447; baseline 0.002 -21"><span class='ocrx_word' id='word_1_110' title='bbox 68 2366 205 2447; x_wconf 88' lang='lat' dir='ltr'>propter</span> <span class='ocrx_word' id='word_1_111' title='bbox 224 2361 322 2426; x_wconf 91' lang='lat' dir='ltr'>fidem</span> <span class='ocrx_word' id='word_1_112' title='bbox 344 2361 565 2428; x_wconf 88' lang='lat' dir='ltr'>Lutheranam</span> <span class='ocrx_word' id='word_1_113' title='bbox 587 2362 649 2428; x_wconf 91' lang='lat' dir='ltr'>sibi</span> <span class='ocrx_word' id='word_1_114' title='bbox 671 2367 830 2446; x_wconf 88' lang='lat' dir='ltr'>suspecto,</span> <span class='ocrx_word' id='word_1_115' title='bbox 853 2381 938 2446; x_wconf 89' lang='lat' dir='ltr'>quae</span> <span class='ocrx_word' id='word_1_116' title='bbox 961 2362 1005 2444; x_wconf 90' lang='lat' dir='ltr'>ei,</span> <span class='ocrx_word' id='word_1_117' title='bbox 1027 2367 1195 2447; x_wconf 87' lang='lat' dir='ltr'>tamquam</span> 
     </span>
     <span class='ocr_line' id='line_1_19' title="bbox 68 2471 1194 2558; baseline 0.003 -20"><span class='ocrx_word' id='word_1_118' title='bbox 68 2473 261 2556; x_wconf 79' lang='lat' dir='ltr'>cognatione</span> <span class='ocrx_word' id='word_1_119' title='bbox 287 2474 449 2558; x_wconf 85' lang='lat' dir='ltr'>proximo,</span> <span class='ocrx_word' id='word_1_120' title='bbox 478 2473 518 2538; x_wconf 90' lang='lat' dir='ltr'>de</span> <span class='ocrx_word' id='word_1_121' title='bbox 551 2472 617 2538; x_wconf 91' lang='lat' dir='ltr'>filio</span> <span class='ocrx_word' id='word_1_122' title='bbox 649 2473 799 2538; x_wconf 88' lang='lat' dir='ltr'>electoris</span> <span class='ocrx_word' id='word_1_123' title='bbox 833 2471 1007 2539; x_wconf 88' lang='lat' dir='ltr'>deberetur</span> <span class='ocrx_word' id='word_1_124' title='bbox 1040 2474 1194 2557; x_wconf 86' lang='lat' dir='ltr'>curatela,</span> 
     </span>
     <span class='ocr_line' id='line_1_20' title="bbox 70 2583 1195 2669; baseline 0.004 -21"><span class='ocrx_word' id='word_1_125' title='bbox 70 2584 339 2666; x_wconf 89' lang='lat' dir='ltr'>committeretur,</span> <span class='ocrx_word' id='word_1_126' title='bbox 372 2589 441 2650; x_wconf 90' lang='lat' dir='ltr'>tum</span> <span class='ocrx_word' id='word_1_127' title='bbox 472 2584 594 2650; x_wconf 85' lang='lat' dir='ltr'>viribus</span> <span class='ocrx_word' id='word_1_128' title='bbox 620 2585 654 2649; x_wconf 93' lang='lat' dir='ltr'>in</span> <span class='ocrx_word' id='word_1_129' title='bbox 684 2584 769 2648; x_wconf 90' lang='lat' dir='ltr'>diem</span> <span class='ocrx_word' id='word_1_130' title='bbox 797 2583 1019 2650; x_wconf 87' lang='lat' dir='ltr'>deficientibus</span> <span class='ocrx_word' id='word_1_131' title='bbox 1046 2585 1195 2669; x_wconf 91' lang='lat' dir='ltr'>Philippo</span> 
     </span>
     <span class='ocr_line' id='line_1_21' title="bbox 75 2693 1196 2780; baseline 0.002 -20"><span class='ocrx_word' id='word_1_132' title='bbox 75 2695 200 2762; x_wconf 85' lang='lat' dir='ltr'>excluso</span> <span class='ocrx_word' id='word_1_133' title='bbox 228 2701 267 2762; x_wconf 90' lang='lat' dir='ltr'>ut</span> <span class='ocrx_word' id='word_1_134' title='bbox 292 2695 434 2762; x_wconf 79' lang='lat' dir='ltr'>loannes</span> <span class='ocrx_word' id='word_1_135' title='bbox 456 2695 648 2780; x_wconf 89' lang='lat' dir='ltr'>Bipcntinus</span> <span class='ocrx_word' id='word_1_136' title='bbox 669 2694 834 2761; x_wconf 83' lang='lat' dir='ltr'>Friderico</span> <span class='ocrx_word' id='word_1_137' title='bbox 855 2693 922 2760; x_wconf 88' lang='lat' dir='ltr'>filio</span> <span class='ocrx_word' id='word_1_138' title='bbox 936 2700 1026 2762; x_wconf 90' lang='lat' dir='ltr'>tutor</span> <span class='ocrx_word' id='word_1_139' title='bbox 1040 2696 1196 2762; x_wconf 89' lang='lat' dir='ltr'>existeret</span> 
     </span>
     <span class='ocr_line' id='line_1_22' title="bbox 74 2805 268 2887; baseline -0.005 -14"><span class='ocrx_word' id='word_1_140' title='bbox 74 2805 268 2887; x_wconf 60' lang='lat' dir='ltr'>decrevitffl).</span> 
     </span>
    </p>

    <p class='ocr_par' dir='ltr' id='par_1_6' title="bbox 71 2917 1196 3110">
     <span class='ocr_line' id='line_1_23' title="bbox 136 2917 1196 3002; baseline 0.003 -19"><span class='ocrx_word' id='word_1_141' title='bbox 136 2919 295 2984; x_wconf 87' lang='lat' dir='ltr'>Hemicus</span> <span class='ocrx_word' id='word_1_142' title='bbox 317 2918 371 2984; x_wconf 91' lang='lat' dir='ltr'>IV.</span> <span class='ocrx_word' id='word_1_143' title='bbox 394 2939 444 2984; x_wconf 92' lang='lat' dir='ltr'>ao.</span> <span class='ocrx_word' id='word_1_144' title='bbox 469 2919 550 2984; x_wconf 85' lang='lat'>1609</span> <span class='ocrx_word' id='word_1_145' title='bbox 579 2919 716 3000; x_wconf 90' lang='lat' dir='ltr'>sciebat,</span> <span class='ocrx_word' id='word_1_146' title='bbox 743 2917 828 2982; x_wconf 88' lang='lat' dir='ltr'>inter</span> <span class='ocrx_word' id='word_1_147' title='bbox 849 2917 1139 3002; x_wconf 82' lang='lat' dir='ltr'>Brandenburgum</span> <span class='ocrx_word' id='word_1_148' title='bbox 1162 2925 1196 2986; x_wconf 86' lang='lat' dir='ltr'>et</span> 
     </span>
     <span class='ocr_line' id='line_1_24' title="bbox 71 3027 976 3110; baseline -0.003 -15"><span class='ocrx_word' id='word_1_149' title='bbox 71 3029 255 3096; x_wconf 86' lang='lat' dir='ltr'>Palatinum</span> <span class='ocrx_word' id='word_1_150' title='bbox 276 3029 516 3095; x_wconf 88' lang='lat' dir='ltr'>matrimonium</span> <span class='ocrx_word' id='word_1_151' title='bbox 538 3029 713 3094; x_wconf 88' lang='lat' dir='ltr'>liberorum</span> <span class='ocrx_word' id='word_1_152' title='bbox 736 3027 976 3110; x_wconf 49' lang='lat' dir='ltr'>convenissem).</span> 
     </span>
    </p>

    <p class='ocr_par' dir='ltr' id='par_1_7' title="bbox 73 3137 1195 3448">
     <span class='ocr_line' id='line_1_25' title="bbox 136 3137 1194 3224; baseline 0 -18"><span class='ocrx_word' id='word_1_153' title='bbox 136 3141 306 3206; x_wconf 89' lang='lat' dir='ltr'>Mauritius</span> <span class='ocrx_word' id='word_1_154' title='bbox 335 3140 462 3222; x_wconf 91' lang='lat' dir='ltr'>landio,</span> <span class='ocrx_word' id='word_1_155' title='bbox 501 3159 601 3224; x_wconf 90' lang='lat' dir='ltr'>quum</span> <span class='ocrx_word' id='word_1_156' title='bbox 629 3139 749 3206; x_wconf 84' lang='lat' dir='ltr'>Hassia</span> <span class='ocrx_word' id='word_1_157' title='bbox 778 3137 818 3204; x_wconf 89' lang='lat' dir='ltr'>de</span> <span class='ocrx_word' id='word_1_158' title='bbox 848 3143 962 3204; x_wconf 89' lang='lat' dir='ltr'>mutua</span> <span class='ocrx_word' id='word_1_159' title='bbox 992 3140 1194 3206; x_wconf 86' lang='lat' dir='ltr'>successione</span> 
     </span>
     <span class='ocr_line' id='line_1_26' title="bbox 73 3248 1195 3336; baseline -0.002 -18"><span class='ocrx_word' id='word_1_160' title='bbox 73 3274 147 3318; x_wconf 89' lang='lat' dir='ltr'>oum</span> <span class='ocrx_word' id='word_1_161' title='bbox 172 3252 435 3336; x_wconf 85' lang='lat' dir='ltr'>Brandenburgis</span> <span class='ocrx_word' id='word_1_162' title='bbox 463 3250 578 3316; x_wconf 85' lang='lat' dir='ltr'>fecerit</span> <span class='ocrx_word' id='word_1_163' title='bbox 603 3248 844 3335; x_wconf 59' lang='lat' dir='ltr'>pactionemb),</span> <span class='ocrx_word' id='word_1_164' title='bbox 872 3249 901 3314; x_wconf 90' lang='lat' dir='ltr'>si</span> <span class='ocrx_word' id='word_1_165' title='bbox 926 3249 1068 3316; x_wconf 80' lang='lat' dir='ltr'>loannes</span> <span class='ocrx_word' id='word_1_166' title='bbox 1097 3251 1195 3334; x_wconf 83' lang='lat' dir='ltr'>Sigis-</span> 
     </span>
     <span class='ocr_line' id='line_1_27' title="bbox 73 3360 1195 3448; baseline 0 -19"><span class='ocrx_word' id='word_1_167' title='bbox 73 3362 211 3429; x_wconf 90' lang='lat' dir='ltr'>mundus</span> <span class='ocrx_word' id='word_1_168' title='bbox 236 3369 342 3430; x_wconf 89' lang='lat' dir='ltr'>terras</span> <span class='ocrx_word' id='word_1_169' title='bbox 369 3363 477 3431; x_wconf 89' lang='lat' dir='ltr'>Juliae</span> <span class='ocrx_word' id='word_1_170' title='bbox 500 3361 685 3446; x_wconf 83' lang='lat' dir='ltr'>Oliviaeque</span> <span class='ocrx_word' id='word_1_171' title='bbox 711 3361 904 3444; x_wconf 87' lang='lat' dir='ltr'>accepisset,</span> <span class='ocrx_word' id='word_1_172' title='bbox 931 3360 967 3426; x_wconf 90' lang='lat' dir='ltr'>id</span> <span class='ocrx_word' id='word_1_173' title='bbox 995 3361 1057 3430; x_wconf 89' lang='lat' dir='ltr'>sibi</span> <span class='ocrx_word' id='word_1_174' title='bbox 1077 3363 1195 3448; x_wconf 87' lang='lat' dir='ltr'>majori</span> 
     </span>
    </p>
   </div>
   <div class='ocr_carea' id='block_1_4' title="bbox 75 3635 1194 4454">
    <p class='ocr_par' dir='ltr' id='par_1_8' title="bbox 142 3635 481 3702">
     <span class='ocr_line' id='line_1_28' title="bbox 142 3635 481 3702; baseline -0.003 -14"><span class='ocrx_word' id='word_1_175' title='bbox 142 3635 175 3702; x_wconf 56' lang='grc' dir='ltr'>Β)</span> <span class='ocrx_word' id='word_1_176' title='bbox 193 3637 310 3688; x_wconf 81' lang='lat' dir='ltr'>Jeannin</span> <span class='ocrx_word' id='word_1_177' title='bbox 326 3637 360 3689; x_wconf 84' lang='lat' dir='ltr'>V.</span> <span class='ocrx_word' id='word_1_178' title='bbox 377 3649 403 3699; x_wconf 84' lang='lat' dir='ltr'>p.</span> <span class='ocrx_word' id='word_1_179' title='bbox 421 3641 481 3689; x_wconf 80' lang='lat'>411.</span> 
     </span>
    </p>

    <p class='ocr_par' dir='ltr' id='par_1_9' title="bbox 75 3727 1193 3984">
     <span class='ocr_line' id='line_1_29' title="bbox 139 3727 1193 3796; baseline -0.002 -14"><span class='ocrx_word' id='word_1_180' title='bbox 139 3728 173 3796; x_wconf 68' lang='grc' dir='ltr'>Ἡ)</span> <span class='ocrx_word' id='word_1_181' title='bbox 196 3732 271 3794; x_wconf 83' lang='lat' dir='ltr'>Quae</span> <span class='ocrx_word' id='word_1_182' title='bbox 294 3745 373 3794; x_wconf 84' lang='lat' dir='ltr'>quum</span> <span class='ocrx_word' id='word_1_183' title='bbox 394 3731 433 3782; x_wconf 80' lang='lat' dir='ltr'>lta</span> <span class='ocrx_word' id='word_1_184' title='bbox 454 3730 544 3782; x_wconf 73' lang='lat' dir='ltr'>emant</span> <span class='ocrx_word' id='word_1_185' title='bbox 566 3728 725 3780; x_wconf 71' lang='lat' dir='ltr'>ammutium</span> <span class='ocrx_word' id='word_1_186' title='bbox 751 3728 827 3792; x_wconf 78' lang='lat' dir='ltr'>requi</span> <span class='ocrx_word' id='word_1_187' title='bbox 849 3739 902 3778; x_wconf 88' lang='lat' dir='ltr'>non</span> <span class='ocrx_word' id='word_1_188' title='bbox 923 3739 1029 3790; x_wconf 74' lang='lat' dir='ltr'>possm</span> <span class='ocrx_word' id='word_1_189' title='bbox 1051 3727 1193 3796; x_wconf 84' lang='lat' dir='ltr'>Droysenl,</span> 
     </span>
     <span class='ocr_line' id='line_1_30' title="bbox 75 3822 1193 3890; baseline -0.002 -14"><span class='ocrx_word' id='word_1_190' title='bbox 75 3826 120 3890; x_wconf 88' lang='lat' dir='ltr'>qni</span> <span class='ocrx_word' id='word_1_191' title='bbox 136 3825 198 3876; x_wconf 82' lang='lat' dir='ltr'>dicit</span> <span class='ocrx_word' id='word_1_192' title='bbox 208 3825 431 3886; x_wconf 73' lang='lat' dir='ltr'>Brandenburgos</span> <span class='ocrx_word' id='word_1_193' title='bbox 442 3823 577 3890; x_wconf 85' lang='lat' dir='ltr'>metuisse,</span> <span class='ocrx_word' id='word_1_194' title='bbox 595 3823 742 3874; x_wconf 79' lang='lat' dir='ltr'>neeleutor</span> <span class='ocrx_word' id='word_1_195' title='bbox 757 3822 894 3874; x_wconf 83' lang='lat' dir='ltr'>Palatinus</span> <span class='ocrx_word' id='word_1_196' title='bbox 911 3822 947 3871; x_wconf 83' lang='lat' dir='ltr'>ad</span> <span class='ocrx_word' id='word_1_197' title='bbox 964 3823 1121 3885; x_wconf 73' lang='lat' dir='ltr'>Neoburgos</span> <span class='ocrx_word' id='word_1_198' title='bbox 1133 3837 1193 3874; x_wconf 84' lang='lat' dir='ltr'>ocn-</span> 
     </span>
     <span class='ocr_line' id='line_1_31' title="bbox 75 3916 981 3984; baseline -0.002 -14"><span class='ocrx_word' id='word_1_199' title='bbox 75 3919 229 3982; x_wconf 72' lang='lat' dir='ltr'>magumecs</span> <span class='ocrx_word' id='word_1_200' title='bbox 246 3929 275 3968; x_wconf 89' lang='lat' dir='ltr'>se</span> <span class='ocrx_word' id='word_1_201' title='bbox 293 3918 433 3968; x_wconf 87' lang='lat' dir='ltr'>inclinaret</span> <span class='ocrx_word' id='word_1_202' title='bbox 449 3917 632 3984; x_wconf 84' lang='lat' dir='ltr'>(Prousslsche</span> <span class='ocrx_word' id='word_1_203' title='bbox 649 3916 750 3967; x_wconf 88' lang='lat' dir='ltr'>Politik</span> <span class='ocrx_word' id='word_1_204' title='bbox 767 3917 805 3974; x_wconf 80' lang='grc' dir='ltr'>ΙΙ.</span> <span class='ocrx_word' id='word_1_205' title='bbox 822 3927 884 3978; x_wconf 74' lang='lat' dir='ltr'>pag.</span> <span class='ocrx_word' id='word_1_206' title='bbox 902 3916 981 3981; x_wconf 68' lang='lat' dir='ltr'>tot).</span> 
     </span>
    </p>

    <p class='ocr_par' dir='ltr' id='par_1_10' title="bbox 76 4009 1192 4169">
     <span class='ocr_line' id='line_1_32' title="bbox 125 4009 1192 4079; baseline -0.005 -14"><span class='ocrx_word' id='word_1_207' title='bbox 125 4009 156 4079; x_wconf 70' lang='lat'>2⁸)</span> <span class='ocrx_word' id='word_1_208' title='bbox 173 4015 215 4065; x_wconf 77' lang='lat' dir='ltr'>Ex</span> <span class='ocrx_word' id='word_1_209' title='bbox 237 4011 350 4074; x_wconf 83' lang='lat' dir='ltr'>epistola</span> <span class='ocrx_word' id='word_1_210' title='bbox 370 4011 480 4064; x_wconf 74' lang='lat' dir='ltr'>Hermai</span> <span class='ocrx_word' id='word_1_211' title='bbox 502 4012 538 4063; x_wconf 83' lang='lat' dir='ltr'>ad</span> <span class='ocrx_word' id='word_1_212' title='bbox 559 4011 720 4064; x_wconf 85' lang='lat' dir='ltr'>Jeannlnum</span> <span class='ocrx_word' id='word_1_213' title='bbox 741 4009 805 4062; x_wconf 81' lang='lat' dir='ltr'>data</span> <span class='ocrx_word' id='word_1_214' title='bbox 826 4011 852 4062; x_wconf 86' lang='grc'>(1.</span> <span class='ocrx_word' id='word_1_215' title='bbox 875 4017 899 4063; x_wconf 78' lang='lat' dir='ltr'>a.</span> <span class='ocrx_word' id='word_1_216' title='bbox 923 4025 958 4062; x_wconf 91' lang='lat' dir='ltr'>m.</span> <span class='ocrx_word' id='word_1_217' title='bbox 980 4009 1044 4073; x_wconf 72' lang='lat' dir='ltr'>apr.</span> <span class='ocrx_word' id='word_1_218' title='bbox 1069 4016 1134 4064; x_wconf 75' lang='lat'>16⁰9</span> <span class='ocrx_word' id='word_1_219' title='bbox 1158 4011 1192 4061; x_wconf 81' lang='lat' dir='ltr'>cl.</span> 
     </span>
     <span class='ocr_line' id='line_1_33' title="bbox 76 4107 360 4169; baseline -0.018 -7"><span class='ocrx_word' id='word_1_220' title='bbox 76 4107 187 4162; x_wconf 85' lang='lat' dir='ltr'>Jeanuln</span> <span class='ocrx_word' id='word_1_221' title='bbox 205 4107 238 4160; x_wconf 88' lang='lat' dir='ltr'>V.</span> <span class='ocrx_word' id='word_1_222' title='bbox 256 4119 283 4169; x_wconf 87' lang='lat' dir='ltr'>p.</span> <span class='ocrx_word' id='word_1_223' title='bbox 301 4111 360 4158; x_wconf 76' lang='lat' dir='ltr'>aas.</span> 
     </span>
    </p>

    <p class='ocr_par' dir='ltr' id='par_1_11' title="bbox 79 4195 1194 4454">
     <span class='ocr_line' id='line_1_34' title="bbox 140 4195 1193 4269; baseline -0.004 -15"><span class='ocrx_word' id='word_1_224' title='bbox 140 4199 171 4269; x_wconf 74' lang='lat'>²⁹)</span> <span class='ocrx_word' id='word_1_225' title='bbox 189 4201 286 4254; x_wconf 75' lang='lat' dir='ltr'>Hassis</span> <span class='ocrx_word' id='word_1_226' title='bbox 307 4200 335 4250; x_wconf 91' lang='lat' dir='ltr'>in</span> <span class='ocrx_word' id='word_1_227' title='bbox 351 4197 501 4262; x_wconf 84' lang='lat' dir='ltr'>pactionem</span> <span class='ocrx_word' id='word_1_228' title='bbox 524 4210 592 4262; x_wconf 84' lang='lat' dir='ltr'>quae</span> <span class='ocrx_word' id='word_1_229' title='bbox 615 4197 686 4249; x_wconf 84' lang='lat' dir='ltr'>inter</span> <span class='ocrx_word' id='word_1_230' title='bbox 702 4198 926 4261; x_wconf 69' lang='lat' dir='ltr'>Brontenburgos</span> <span class='ocrx_word' id='word_1_231' title='bbox 949 4198 978 4248; x_wconf 86' lang='lat' dir='ltr'>et</span> <span class='ocrx_word' id='word_1_232' title='bbox 994 4195 1113 4250; x_wconf 69' lang='lat' dir='ltr'>sueres</span> <span class='ocrx_word' id='word_1_233' title='bbox 1130 4197 1193 4250; x_wconf 82' lang='lat' dir='ltr'>inde</span> 
     </span>
     <span class='ocr_line' id='line_1_35' title="bbox 79 4293 1194 4358; baseline -0.001 -10"><span class='ocrx_word' id='word_1_234' title='bbox 79 4299 112 4349; x_wconf 79' lang='lat' dir='ltr'>ab</span> <span class='ocrx_word' id='word_1_235' title='bbox 128 4309 192 4349; x_wconf 84' lang='lat' dir='ltr'>anno</span> <span class='ocrx_word' id='word_1_236' title='bbox 212 4301 276 4350; x_wconf 74' lang='lat'>14³5</span> <span class='ocrx_word' id='word_1_237' title='bbox 295 4295 435 4358; x_wconf 81' lang='lat' dir='ltr'>existebat,</span> <span class='ocrx_word' id='word_1_238' title='bbox 458 4305 499 4343; x_wconf 89' lang='lat' dir='ltr'>ao.</span> <span class='ocrx_word' id='word_1_239' title='bbox 523 4297 587 4346; x_wconf 75' lang='lat'><strong>145⁷</strong></span> <span class='ocrx_word' id='word_1_240' title='bbox 606 4293 782 4355; x_wconf 78' lang='lat' dir='ltr'>Naumburgli</span> <span class='ocrx_word' id='word_1_241' title='bbox 803 4294 914 4356; x_wconf 83' lang='lat' dir='ltr'>recepta</span> <span class='ocrx_word' id='word_1_242' title='bbox 938 4293 987 4344; x_wconf 86' lang='lat' dir='ltr'>est.</span> <span class='ocrx_word' id='word_1_243' title='bbox 1028 4293 1062 4348; x_wconf 80' lang='lat' dir='ltr'>el.</span> <span class='ocrx_word' id='word_1_244' title='bbox 1080 4294 1194 4347; x_wconf 81' lang='lat' dir='ltr'>Mueller</span> 
     </span>
     <span class='ocr_line' id='line_1_36' title="bbox 79 4388 607 4454; baseline -0.009 -10"><span class='ocrx_word' id='word_1_245' title='bbox 79 4394 106 4444; x_wconf 82' lang='lat' dir='ltr'>tn</span> <span class='ocrx_word' id='word_1_246' title='bbox 121 4392 235 4444; x_wconf 71' lang='lat' dir='ltr'>Theaua</span> <span class='ocrx_word' id='word_1_247' title='bbox 253 4389 358 4454; x_wconf 78' lang='lat' dir='ltr'>imperii</span> <span class='ocrx_word' id='word_1_248' title='bbox 376 4388 412 4440; x_wconf 91' lang='lat'>11.</span> <span class='ocrx_word' id='word_1_249' title='bbox 429 4399 455 4450; x_wconf 82' lang='lat' dir='ltr'>p.</span> <span class='ocrx_word' id='word_1_250' title='bbox 473 4389 531 4440; x_wconf 75' lang='lat' dir='ltr'>sot.</span> <span class='ocrx_word' id='word_1_251' title='bbox 550 4391 607 4440; x_wconf 79' lang='lat' dir='ltr'>tto.</span> 
     </span>
    </p>
   </div>
   <div class='ocr_carea' id='block_1_5' title="bbox 0 0 1512 5040">
    <p class='ocr_par' dir='ltr' id='par_1_12' title="bbox 0 0 1512 5040">
     <span class='ocr_line' id='line_1_37' title="bbox 0 0 1512 5040; baseline 0 0"><span class='ocrx_word' id='word_1_252' title='bbox 0 0 1512 5040; x_wconf 95' lang='lat' dir='ltr'> </span> 
     </span>
    </p>
   </div>
  </div>
 </body>
</html>
