2980 5040
739 309 952 377 ..36-

353 499 467 582 Itaque
490 500 628 566 Rudolso
649 501 858 585 imperatore,
885 500 1084 585 principibus
1110 500 1258 565 domus
1284 499 1434 565 Habebu-

288 610 377 692 gicae
403 631 535 694 regnum
566 612 798 696 ecclesiamque
822 612 1015 678 catholicam
1036 613 1069 676 in
1090 613 1305 694 pristinum
1331 616 1434 676 statum

288 721 459 788 restituere
482 724 671 788 conantibus
694 745 793 808 quum
814 745 866 788 res
883 745 920 789 eo
936 729 1089 808 provecta
1105 731 1230 806 esset,
1258 730 1430 803 utmagnus

288 833 428 915 partium
456 855 642 916 concursus,
671 855 767 919 quem
792 835 901 918 plures
926 836 996 920 jam
1021 837 1305 919 praeparabant
1331 833 1429 917 potius,

287 964 327 1008 ne
349 943 455 1010 dicam
481 947 765 1028 machinabantur,
802 969 901 1030 quam
929 947 1061 1012 mitibus
1087 947 1328 1031 placatisque
1348 946 1428 1008 inter·

288 1055 485 1121 cessionibus
507 1056 752 1139 praevenibant,
776 1059 911 1123 simulac
933 1059 1058 1123 occasio
1081 1058 1173 1124 data
1203 1064 1318 1138 esset,
1342 1056 1424 1128 fieret

287 1171 443 1248 utraeque
471 1173 582 1248 partes
609 1187 650 1230 ne
677 1167 801 1234 alterae
823 1161 919 1234 terris
942 1169 1079 1234 ducatus
1101 1169 1248 1236 Juliaci
1273 1163 1424 1248 occupatis

286 1295 355 1340 rem
377 1298 469 1340 suam
492 1279 691 1361 superiorem
713 1279 898 1361 redderent,
921 1301 1032 1346 omnes
1054 1281 1292 1347 intenderunt
1316 1273 1420 1350 virest
1444 1295 1446 1315 ³

319 1491 363 1558 m
384 1494 638 1562 tractationibus
660 1513 728 1562 eun
749 1495 916 1562 Hollandis
937 1495 1035 1562 iactis
1057 1497 1090 1562 et
1111 1496 1154 1564 de
1182 1495 1394 1580 occupatione

758 1609 930 1674 terrarum.

350 1723 439 1798 Quae
472 1723 512 1787 de
545 1725 746 1788 successione
769 1723 898 1788 Juliaca
929 1725 1107 1807 imperator
1141 1727 1208 1792 diu
1241 1719 1409 1807 cogitasset

286 1833 431 1916 quamvis
461 1853 525 1896 non
551 1835 713 1898 nescirent
740 1853 831 1916 reges
853 1833 1112 1920 Hollandiaeque
1134 1837 1281 1917 Status,
1321 1840 1404 1896 tamen

285 1963 475 2026 persuasum
498 1943 677 2026 habebant,
704 1945 784 2010 nihil
807 1966 880 2012 eum
902 1946 988 2012 bello
1012 1969 1085 2012 cum
1109 1948 1286 2014 fratribus
1310 1936 1402 2010 ordini·

285 2053 407 2140 busque
436 2055 628 2124 obstrictum
656 2056 763 2122 valere
790 2058 853 2122 nisi
881 2081 901 2123 a
926 2080 1002 2142 rege
1033 2059 1223 2142 Hispaniae
1258 2055 1396 2132 armisque

284 2168 354 2252 ejus
377 2168 533 2252 adjutum.
578 2167 642 2234 Sed
664 2169 817 2235 videbant
838 2176 966 2236 tanturn
988 2171 1118 2252 abesse,
1146 2179 1189 2236 ut
1218 2173 1279 2236 hic
1308 2175 1393 2231 causat

284 2299 319 2344 se
347 2299 411 2344 non
443 2281 652 2359 immisceret,
680 2286 718 2344 ut
743 2287 848 2345 totam
876 2281 1093 2346 hereditatem
1121 2283 1164 2347 ad
1190 2301 1231 2348 sa
1254 2277 1384 2346 vindico
1435 2290 1436 2311 ¹

284 2395 464 2454 conaretur.
508 2389 591 2454 Nam
619 2409 703 2472 quae
730 2390 856 2474 legatus
864 2391 889 2473 ⁴)
918 2412 938 2454 a
965 2391 1093 2476 vidua⁵t
1118 2393 1215 2458 ducis
1241 2393 1288 2457 ad
1311 2389 1381 2454 sau

283 2499 467 2566 foederatos
489 2501 605 2566 missus
629 2501 769 2583 dixerat,
798 2501 926 2566 ordines
949 2502 1101 2583 ducatus,
1131 2505 1299 2588 quamdiu
1321 2507 1387 2563 caue

282 2635 346 2678 non
374 2613 551 2698 dijudicata
580 2619 681 2695 esset,
713 2635 936 2699 quemcunque
964 2615 1214 2698 competitorem
1249 2638 1271 2680 a
1301 2606 1387 2676 finibssl
1448 2683 1449 2694 ,

283 2727 479 2789 coercituros
503 2747 582 2806 esse,
605 2727 645 2789 iis
668 2725 749 2791 lucis
772 2727 895 2810 aliquid
918 2725 1054 2791 allatum
1077 2733 1136 2807 est,
1159 2747 1267 2810 quum
1287 2723 1327 2790 ab
1340 2711 1388 2782 alfii
1448 2729 1449 2750 ¹

282 2842 351 2900 tum
374 2857 393 2899 a
414 2835 554 2918 legato⁶)
577 2835 746 2900 Albertum
766 2836 970 2901 archiducem
986 2837 1151 2919 Belgicam
1166 2840 1332 2914 visitante,
1350 2817 1387 2907 <1⁰¹¹

352 3024 372 3089 3)
390 3026 475 3078 Mensi
500 3027 576 3078 Anno
601 3033 665 3078 1608
690 3026 835 3088 imperator
861 3025 1000 3076 consilium
1027 3039 1101 3076 soum
1132 3039 1288 3088 supremum
1312 3021 1385 3068 ΜΝ
1448 3035 1449 3038 ’

284 3121 360 3185 ierat,
377 3133 464 3170 nonne
484 3121 554 3170 effici
572 3123 669 3184 posset,
687 3122 717 3168 ut
733 3121 822 3168 terrae
840 3121 962 3170 Juliacae
981 3121 1070 3180 speeie
1089 3120 1204 3181 quadam
1221 3120 1291 3184 juris
1312 3115 1336 3162 i11
1354 3107 1386 3154 in·

284 3217 434 3276 potatorem
443 3213 657 3262 transferrentur.
678 3211 821 3261 Consilium
839 3213 866 3261 id
884 3213 992 3273 negavit
1010 3213 1053 3274 (ci.
1065 3214 1188 3276 Droysen
1200 3215 1238 3265 Π.
1251 3221 1273 3264 2.
1286 3221 1325 3272 pg.
1335 3198 1382 3253 5⁶9l·

284 3307 362 3357 Ratio
380 3307 489 3368 politica
507 3306 675 3368 imperatoris
688 3305 853 3366 cognoscitur
871 3318 904 3356 ex
922 3307 1042 3358 discursu
1060 3307 1299 3369 stralondorfiano‚
1326 3299 1383 3360 quen

284 3401 368 3450 edidlt
383 3403 506 3466 Droysen
523 3401 563 3452 in:
589 3401 803 3461 abhandlungen
825 3401 873 3451 der
894 3403 956 3464 Kgl.
976 3401 1268 3454 &ciscestrensis
1289 3399 1312 3447 d.
1330 3385 1382 3440 Μ’·

282 3496 458 3546 senschaiten.
477 3497 620 3548 Phil-hist.
638 3497 744 3548 masse.
764 3503 787 3548 3.
805 3496 856 3546 Bd.

349 3589 371 3654 4)
391 3591 440 3641 fuit
458 3591 576 3642 Joannes
603 3591 700 3654 Ringh,
724 3591 814 3651 jurum
840 3590 947 3640 Doctor.
979 3591 1021 3640 Ex
1047 3590 1139 3642 codice
1166 3592 1278 3654 quodam
1294 3570 1379 3635 merri

284 3685 372 3735 Berol.
392 3687 437 3736 fol.
456 3691 513 3738 852.

349 3777 371 3839 ⁵]
390 3779 545 3829 Antoinctta
562 3779 753 3839 Letharingioa
770 3778 859 3828 statim
882 3781 942 3840 post
962 3780 1074 3828 mortem
1096 3779 1173 3830 *ducis
1195 3779 1307 3842 legatum
1322 3756 1379 3816 wlf*

282 3875 335 3931 lem
358 3873 392 3923 ad
409 3875 552 3924 liudolfum
569 3874 679 3924 miserat
700 3873 746 3936 qui
768 3875 803 3923 ab
826 3873 987 3934 imperatore
1009 3874 1122 3938 peteret,
1145 3875 1176 3924 ut
1196 3871 1326 3936 imperium
1344 3855 1378 3904 du·

281 3971 367 4020 cessae
398 3969 606 4019 comminaretur
633 3967 757 4028 adamato
785 3968 898 4029 quonam
925 3981 940 4016 ο
964 3967 1122 4018 carrusa
1148 3963 1315 4029 {mamaea
1346 3946 1378 3998 Εἴ

287 4066 374 4116 iteris
391 4065 489 4116 Marini
507 4065 540 4114 de
559 4061 662 4114 cavalli
679 4063 705 4111 d.
725 4068 748 4113 6.
766 4076 801 4112 nr.
819 4062 883 4122 Apr.
902 4061 1084 4112 datis....con
1096 4062 1256 4124 supplica-ia
1267 4037 1373 4118 (Memmi

283 4159 310 4208 di
328 4161 492 4211 conflrmarle
510 4159 572 4222 quel
589 4169 704 4218 govemo
723 4155 896 4206 etmandarle
915 4155 1027 4206 insieme
1039 4168 1155 4218 persona
1172 4157 1221 4206 che
1234 4142 1334 4208 r'assiefi
1347 4131 1375 4184 ⁸¹'

282 4263 359 4302 meno
377 4255 433 4305 sino
451 4255 541 4306 chesi
559 4253 643 4304 iasoia
660 4252 729 4302 altro
746 4249 917 4300 resolutione.

349 4345 371 4408 6)
389 4348 431 4398 cui
448 4361 543 4398 nomen
560 4348 672 4398 inditum
694 4347 754 4396 erat
775 4345 892 4395 Arnoldo
914 4347 1002 4412 Prom,
1025 4357 1171 4409 cognomen
1193 4347 1278 4396 auten
1296 4329 1373 4387 illm·

283 4439 376 4492 hovem
