2982 5032
692 271 904 341 -70-

231 464 307 530 niae
333 461 512 548 principes,
540 469 623 530 tum¹
637 464 797 531 loannem
822 464 1063 548 sigismundum
1094 465 1221 549 incitet,
1251 472 1290 532 ut
1316 467 1355 533 ad

231 575 423 643 societatem
444 575 535 641 illam
558 576 726 659 accedant,
750 594 932 660 causaeque
955 575 1103 642 Juliacae
1124 577 1325 660 provideant.
1454 629 1455 634 η

295 686 472 754 Praeterea
489 685 519 751 d.
535 685 586 752 22.
601 707 643 752 m.
658 687 735 754 Junl
757 675 942 770 Hellandis,
964 693 1002 752 ut
1023 686 1193 771 Hispanis,
1221 690 1249 754 si
1279 709 1356 774 opus

232 801 328 879 esset,
350 795 503 862 resistere
517 797 651 881 possint,
673 798 708 862 in
729 797 810 864 duos
822 819 924 865 annos
935 804 1090 864 sexcenta
1100 799 1192 865 milia
1202 799 1357 866 librarum
1455 815 1456 870 i

232 927 341 975 annua
371 907 522 992 policitus
545 914 612 990 est,
646 909 762 993 quibus
794 909 951 976 militibus
978 909 1231 993 Francogallicis
1264 911 1359 977 satis·

231 1019 386 1086 lacerent.
430 1019 543 1104 Neque
570 1018 702 1086 difficile
729 1019 790 1085 luit
818 1020 1002 1103 intellectu,
1032 1042 1089 1086 cur
1117 1039 1175 1085 rex
1201 1041 1255 1086 res
1282 1021 1359 1088 Hol-

231 1129 403 1197 landorum
436 1135 581 1215 augeret.
636 1131 720 1197 Nam
755 1137 930 1216 postquam
958 1131 1064 1197 nuntii
1094 1133 1223 1215 accepti
1256 1138 1358 1216 erant,

231 1231 462 1326 imperatorem
494 1241 614 1308 milites
646 1242 680 1308 in
701 1239 824 1308 Juliem
861 1248 1103 1309 contracturum
1139 1261 1226 1325 esse,
1264 1263 1360 1310 nemo

231 1348 416 1437 ignorabat,
437 1351 601 1438 Hispanos
629 1357 804 1420 conatuum
830 1351 978 1421 Caesaris
1006 1335 1109 1421 socios¹
1135 1353 1206 1420 lore
1228 1359 1264 1420 et
1285 1375 1360 1439 par·
1455 1353 1456 1370 ¹

232 1462 358 1549 ticipes.
366 1462 415 1548 101)
773 1481 775 1489 ⁴
1342 1475 1344 1482 ’

621 1755 685 1824 Res
706 1753 969 1840 progrediuntur.

450 1873 497 1945 Dc
517 1875 749 1958 minis-quibus
775 1875 952 1958 inperator
973 1874 1137 1947 utebatur.

318 2007 431 2092 Neque
452 2009 632 2093 imperator
656 2014 785 2094 tempus
812 2009 1042 2094 praetermisit.
1085 2009 1261 2076 Rationum
1291 2011 1361 2095 ejus

231 2120 439 2206 politicarum
462 2120 731 2186 commutationes
753 2121 816 2187 hae
839 2126 924 2186 sunt.
969 2120 1065 2186 Initio
1080 2119 1247 2189 'liudolfus
1277 2121 1362 2187 inter

232 2231 324 2298 varia
344 2231 487 2314 partium
509 2232 690 2298 aulicarum
712 2231 847 2297 consilia
866 2231 1105 2322 fluctuabatur..
1123 2230 1240 2316 Itaque
1254 2251 1361 2317 neque

234 2342 378 2408 animum
406 2341 554 2408 ordinum
575 2341 738 2426 frigidum,
762 2362 826 2426 quo
849 2349 924 2408 ante
946 2346 1077 2426 pactum
1091 2341 1361 2410 Trntmonianum

234 2451 392 2520 adversus
419 2453 677 2520 Praetendentes
701 2453 893 2534 utebantur,
932 2473 1042 2538 neque·
1068 2453 1251 2538 principum
1288 2475 1361 2522 con-

232 2564 409 2630 troversias
448 2571 482 2631 et
513 2565 708 2650 segnitatem
742 2564 786 2630 ad
825 2563 1027 2630 commodum
1066 2585 1160 2632 suum
1192 2566 1361 2631 convertit.

234 2673 538 2761 Schoenenbergum
574 2676 735 2759 legatum,
777 2676 842 2759 qui,
877 2676 1067 2760 prinsquam
1099 2673 1215 2742 foedus
1237 2676 1361 2744 facturn

234 2787 317 2866 erat,
340 2804 417 2852 sane
439 2807 504 2852 non
525 2787 674 2871 pessimis
697 2786 934 2853 conditionibus
956 2785 1121 2869 utebatur,
1143 2787 1214 2854 sine
1239 2788 1360 2854 auxilio

234 2897 383 2983 reliquit:
406 2897 515 2964 edicta
536 2899 570 2964 in
591 2897 697 2964 lucem
717 2919 784 2964 non
806 2897 1053 2981 edebantur.¹1⁰)

286 3009 466 3089 -Qnomodo
487 3009 612 3078 factum
642 3015 709 3092 est,
729 3015 776 3092 ut,
800 3031 899 3094 quum
920 3010 1100 3094 imperator
1119 3025 1189 3074 rem
1211 3010 1360 3076 acerbius

234 3140 332 3204 agere
360 3121 496 3205 incepit,
523 3120 779 3187 Praetendentes
808 3142 940 3186 causam
972 3119 1015 3186 ad
1043 3141 1136 3186 suam
1158 3121 1359 3187 commodum

234 3228 463 3314 perduxissent
499 3231 736 3316 imperiumque
783 3229 957 3297 admodum
986 3217 1181 3298 firmassent.
1238 3231 1359 3298 Tamen

235 3360 345 3434 omnes
367 3340 606 3438 intelligebant,
640 3342 717 3422 inde
748 3363 832 3412 arn.
855 3341 919 3408 Jul.
947 3342 1079 3414 ineunte
1102 3342 1245 3412 caesaris
1277 3343 1359 3412 iram

237 3547 439 3562 m·—

254 3778 256 3785 .
303 3706 350 3772 111)
363 3709 405 3761 De
418 3723 470 3774 qua
479 3724 508 3764 re
520 3711 669 3764 Jeanninus
682 3710 918 3762 d.na.m.Jun.:1e
930 3711 1214 3764 commencementfait
1225 3709 1357 3776 preroget,

235 3815 286 3868 que
308 3803 334 3856 le
356 3804 397 3854 roi
421 3781 580 3867 d'Espagne·
593 3797 656 3858 v'eut
679 3803 735 3855 etre
758 3803 791 3856 de
808 3805 835 3856 la
857 3805 951 3872 partic,
975 3805 1135 3868 parcequ'on
1156 3783 1277 3857 sesama
1303 3818 1356 3870 pas,

234 3899 286 3963 'que
304 3911 365 3950 sans
383 3901 426 3952 cet
443 3901 524 3962 appui
542 3899 701 3961 l'empereur
723 3913 753 3951 ce
771 3896 868 3952 venille
886 3896 982 3951 rendre
1000 3899 1096 3950 auteur
1113 3899 1175 3950 d’un
1196 3899 1234 3950 'tel
1255 3913 1357 3952 mouve-

233 3992 307 4045 ment
328 3996 356 4046 et
378 3996 400 4046 si
423 3993 491 4045 ainsi
514 3992 554 4045 est
576 4007 610 4044 on
634 4007 667 4046 cn
688 3993 792 4055 prevoit
814 3971 922 4056 plueret
944 4007 995 4044 une
1018 3985 1140 4046 nouvelle
1163 3996 1303 4046 ouverture
1326 3993 1356 4043 de

234 4077 338 4157 rueme,
357 4103 408 4154 qne
422 4087 605 4141 continuation
623 4089 656 4140 de
673 4087 745 4151 paix.

302 4179 350 4249 ¹1⁰)
370 4183 507 4236 cavallum
526 4183 551 4233 d.
571 4190 595 4236 8.
607 4197 641 4234 m.
654 4183 717 4234 Jun.
735 4184 848 4250 nuntiat,
861 4173 1111 4244 Schoenenbergnm
1123 4182 1272 4244 scripsisse:
1289 4183 1355 4234 (111-

234 4287 282 4329 ver
298 4277 379 4328 molto
397 4277 508 4339 bisogno
527 4273 626 4341 d’ejuto
647 4289 697 4340 per
713 4279 860 4339 procedere
883 4277 937 4329 eost
959 4277 1011 4328 alle
1034 4289 1094 4328 cose
1118 4274 1162 4328 del
1184 4289 1299 4339 governo
1317 4287 1355 4328 co·

234 4383 291 4424 mes
308 4371 363 4422 alla
380 4373 516 4424 sicurezza
534 4371 562 4422 di
580 4372 640 4436 quel
658 4371 742 4434 paesi.
770 4374 803 4423 cf.
821 4385 882 4435 pag.
902 4377 932 4424 61
953 4374 981 4424 et
998 4383 1060 4434 pag.
1080 4377 1120 4423 79.
1146 4380 1150 4388 ’
1251 4382 1254 4390 ’
