2982 5032
524 249 732 318 ..gg-

76 444 248 508 tentetura
270 443 367 508 esset.
410 437 552 510 Electori
573 436 685 520 igitur,
703 436 759 520 qui
780 456 838 519 per
853 436 1016 520 Beretum
1035 458 1109 509 eum
1123 456 1204 511 ,con-

76 549 224 630 solebat,
238 553 355 620 utrum
376 548 448 631 ipso
469 547 512 615 ad
535 552 726 618 conventum
746 546 888 620 Ueiouis.
901 547 976 628 iret,
999 569 1042 614 an
1061 548 1096 612 in
1118 548 1204 622 Mar-

77 660 156 732 ohia
175 664 371 750 remaneret,
393 659 570 742 respondit,
591 679 632 727 ne
653 658 723 740 ipse
746 657 790 725 ad
811 664 1001 733 conventum
1023 679 1058 724 se
1080 658 1204 727 conier-

75 777 150 851 ret;
170 791 247 842 uam
267 769 409 844 bostium
430 769 611 841 irrisionem
633 769 810 837 excitatum
824 769 875 849 iri,
897 769 924 839 si
945 769 1030 837 sorte
1052 771 1204 852 eveniret,

77 887 119 954 ut
139 881 281 954 ioannes
305 881 536 964 Sigismundus,
558 881 703 965 quamvis
724 879 957 963 ipseadesset,
981 879 1139 949 Unionem
1161 881 1205 952 ad

76 1011 151 1059 rem
180 1013 274 1066 suoru
302 991 461 1060 deducere
489 1012 553 1060 uon
579 997 699 1074 posset.
744 989 890 1064 Mitteret
918 991 1017 1074 igitur
1043 991 1204 1066 Adamum

79 1103 123 1168 de
151 1102 301 1183 Puttlitz,
333 1102 498 1174 Moechiae
526 1101 811 1186 procuratorem.⁶)
854 1100 994 1185 Jamque
1022 1121 1062 1171 ex
1089 1103 1204 1182 verbis,

78 1234 166 1299 quae
188 1213 279 1293 dixit,
302 1212 330 1279 si
350 1218 400 1281 tot
421 1212 581 1297 principes
603 1213 636 1284 in
658 1217 814 1288 conventu
836 1211 969 1284 Unionis
991 1213 1206 1295 convenirent,

78 1324 223 1408 suspicio
250 1323 392 1398 boetium
418 1329 452 1391 et
473 1324 523 1393 irc
545 1324 778 1404 excitarentur,
806 1323 916 1405 colligi
935 1328 1060 1406 potest,
1086 1323 1206 1394 Mouri-
1285 1387 1288 1393 ,
1317 1393 1323 1416 x

78 1436 164 1500 tium
186 1435 335 1499 ultimum
358 1433 544 1515 discrimen,
571 1433 658 1516 quod
684 1432 950 1515 fuit-armorum,
978 1439 1056 1506 tunc
1076 1434 1206 1516 polisti-

80 1567 172 1610 mum
194 1545 374 1627 evitassc.⁷)
404 1627 406 1634 A

148 1655 236 1734 Quae
260 1654 411 1721 evitenda
434 1675 514 1735 asse,
538 1655 600 1720 etsi
622 1654 743 1719 elector
766 1653 865 1720 etiam
887 1673 951 1719 non
971 1653 1128 1737 negabat,
1156 1661 1206 1722 ta-

81 1787 158 1833 men
180 1789 201 1832 a
223 1765 385 1846 Mauritio,
413 1763 729 1850 quominus-longius
750 1763 1015 1848 progrederetur,
1040 1783 1105 1831 non
1132 1786 1207 1849 pro-

82 1878 206 1947 hibitus
229 1883 288 1942 est.
313 1877 385 1942 Non
406 1875 587 1958 ignorabat,
610 1875 838 1958 utdiximus⁸),
861 1881 895 1940 et
909 1876 1084 1940 Hernicum
1097 1895 1207 1959 regem

83 1995 118 2054 et
139 1987 298 2056 Jacobum
319 1988 497 2070 Statusque
519 1985 703 2055 Hellandici
725 2007 772 2052 ea
793 1986 889 2052 modo
912 1985 1207 2054 conditioneauxi-

82 2099 164 2166 lium
184 2099 382 2186 promisisse,
404 2104 441 2163 ut
463 2097 583 2164 elector
605 2095 648 2162 ad
662 2093 821 2162 Unionem
842 2096 1054 2179 accederctd)

149 2209 294 2295 chcrns
314 2209 472 2274 Journem
495 2207 733 2291 sigismundum
756 2208 925 2272 certiorem
947 2207 1034 2288 iecit,
1058 2206 1206 2272 (incude-

83 2320 206 2388 rodum
221 2319 432 2406 praefectum,
456 2319 513 2403 qni
533 2339 605 2386 cum
620 2317 801 2384 saxonibus
823 2318 863 2382 de
885 2337 922 2382 re
936 2317 1067 2382 Juliaca
1085 2323 1207 2401 ageret,

85 2433 128 2499 ab
156 2432 351 2516 imperatore
381 2430 541 2498 Dresdam
568 2429 701 2495 missum
730 2449 810 2494 csse.
859 2428 1012 2494 Sciebant
1040 2427 1207 2494 Bronden-

85 2543 189 2626 burgi,
210 2543 479 2627 proscriptionem
500 2539 676 2620 imminere,
696 2541 830 2623 jamque
852 2540 908 2624 qni
929 2559 1051 2626 poenas
1074 2538 1115 2604 de
1130 2540 1207 2604 Por*

84 2655 267 2722 sidentibus
287 2655 441 2737 exigeret,
464 2651 627 2716 Bormiae
645 2649 770 2732 ducem,
790 2651 992 2719 nominatum
1014 2669 1095 2716 esee.
1117 2649 1207 2715 Jam-

84 2786 152 2851 ‹pre
173 2785 272 2850 quum
294 2765 499 2849 intelligeret,
526 2762 567 2828 ‘m
580 2779 673 2832 mora
695 2759 976 2846 esseperioulum,
996 2759 1207 2828 neRudolfuo

155 3114 182 3182 ⁶)
197 3116 282 3177 Quem
295 3113 379 3176 ⁴porssc
395 3112 456 3175 port
472 3109 610 3163 induilanr
625 3109 733 3162 missum
751 3123 818 3175 csse,
835 3109 994 3172 exspueris
1006 3109 1162 3173 Hieronymi
1175 3109 1208 3159 de

85 3210 207 3268 mestoc
224 3208 388 3270 principibus
404 3205 611 3262 uomentem
628 3206 693 3258 ora
709 3205 874 3266 intelligitur.
898 3208 941 3266 (m.
959 3203 1024 3266 apr.
1043 3210 1110 3276 1610Ι
1126 3202 1208 3257 Arci.

85 3304 157 3356 Anh.
175 3303 262 3370 Dese.)

156 3396 176 3464 ⁷)
195 3397 282 3449 Dicit:
299 3395 387 3458 gleich
405 3394 456 3446 wie
474 3393 518 3444 ein
535 3405 610 3454 gross
627 3393 755 3444 aufsehen
772 3393 840 3444 auch
858 3392 901 3443 dio
918 3392 1085 3454 persiniiche
1097 3394 1209 3454 Bespre·

86 3495 177 3554 chung
193 3505 221 3544 so
240 3491 323 3542 vielcr
341 3490 373 3540 O·
391 3489 445 3540 und
462 3487 577 3538 Fiirsten
599 3487 643 3537 bei
664 3487 716 3538 den
737 3487 896 3538 adversariis
913 3487 1025 3538 machon
1043 3485 1131 3548 wiird,
1153 3486 1209 3536 also

86 3588 157 3638 noch
179 3586 222 3637 ein
244 3597 350 3646 grosser
373 3582 542 3634 Frohlociren
563 3580 607 3632 bei
630 3580 710 3630 ihncn
731 3581 789 3632 sein
806 3581 911 3645 warde,
946 3591 1025 3636 worn
1046 3580 1094 3630 der
1115 3584 1209 3639 scopus

87 3681 132 3732 die
151 3681 227 3732 daei.
246 3679 332 3731 finale
354 3692 388 3733 ru
400 3675 589 3728 monoteniren
612 3675 686 3726 nicht
702 3674 771 3726 solie
795 3673 1044 3730 crucichtmcrdsn.
1079 3674 1120 3722 Er
1142 3671 1210 3723 rela-

85 3776 163 3827 tione
173 3773 285 3838 bosut

154 3866 230 3931 ⁸.)·ci.
247 3873 296 3930 η.
307 3871 352 3917 si·
846 3896 849 3906 .

93 3998 96 4007 .
122 3999 127 4010 ,
153 3961 179 4027 ⁴³)
198 3963 241 4014 iix
255 3958 390 4014 mietio
406 3957 517 4022 Repeti:
540 3957 603 4008 weil
623 3957 671 4007 rios
693 3955 799 4016 ii‘c'rigo
818 3967 869 4005 vor
885 3953 1052 4006 Frwkreicb
1066 3954 1123 4004 nnc
1137 3953 1210 4013 ling·

87 4055 152 4106 land
170 4055 223 4106 und
240 4055 288 4104 der
305 4053 380 4104 Herc
398 4051 509 4104 senten
524 4051 653 4102 mirmur
672 4051 769 4106 darauf
784 4049 897 4114 indict,
923 4049 976 4098 obri
994 4048 1119 4098 arteman
1130 4045 1210 4096 roob·

87 4149 198 4201 aaran
209 4149 265 4214 bat,
283 4147 327 4208 dio
344 4147 377 4198 H.
397 4145 508 4196 Serme
525 4145 586 4195 line
604 4146 639 4195 il.
658 4144 685 4193 ir
703 4143 869 4193 Prnnkreicb
891 4155 919 4192 re
935 4142 1017 4202 lange
1039 4141 1067 4190 in
1085 4151 1209 4200 suspenso

88 4244 231 4308 scholiam
252 4242 309 4302 sich
323 4240 400 4292 niebt
417 4240 482 4290 aber
499 4252 532 4288 ro
550 4238 706 4302 resolviren,
728 4237 772 4287 bis
790 4237 835 4286 die
846 4248 947 4296 ¹grosee
966 4233 1056 4286 Unico
1077 4232 1211 4282 awiscbea

88 4338 257 4390 innocua...
268 4332 516 4394 bestfindioeliobrrn
532 4332 634 4383 Weffle
652 4331 791 4393 concitet
880 4367 884 4374 .
1066 4370 1070 4381 ,

1008 4427 1042 4480 70
