2982 5032
717 177 926 262 ..ιμ’

258 376 411 443 Albertus
442 379 475 440 et
501 393 561 451 rer
585 372 764 456 Hispaniae
790 371 860 454 ipse
888 371 1019 438 hostilia
1046 371 1252 453 molirentur,
1282 371 1372 438 Woli·
1466 367 1467 436 l

258 507 379 569 ganges
424 483 604 564 Guilelmus
654 487 764 551 autem
814 483 933 551 certior
980 481 1108 564 factus,
1150 483 1374 566 imperatorem

258 594 440 667 Christiano
461 593 663 674 Anhaltensi,
684 593 939 660 Donauvertiam
960 593 1074 669 urbem
1096 613 1132 662 ee
1146 594 1374 673 restituturum,
1466 659 1467 686 ἢ

257 706 454 790 promisisse,
475 703 615 776 Rudnlfc
636 705 671 770 in
686 703 773 770 diem
787 705 889 788 magis
912 725 946 772 se
967 703 1244 786 accommodaret,
1265 704 1376 770 Ernes·
1466 705 1467 738 ³

258 823 320 892 tusv
338 816 482 897 mancipio
508 836 702 900 persuasum
727 815 886 896 habebat,
915 835 1095 898 nunquam,
1124 814 1188 880 nisi
1216 820 1376 899 sequestro
1466 835 1467 868 ³

258 945 298 991 ex
320 928 416 992 terris
439 927 584 1011 expulso,
606 946 675 992 rem
697 926 732 990 in
752 926 921 992 meliorem
944 931 1067 994 statum
1088 925 1254 992 redditum
1276 923 1377 1008 irim)

344 1037 502 1106 Henriou‘s
526 1043 636 1104 autem
665 1057 764 1120 quum
791 1037 1004 1122 perspiceret,
1036 1036 1079 1102 de
1104 1037 1250 1122 imperiis
1280 1036 1378 1102 Hebe-

256 1148 397 1231 burgicis
431 1147 648 1214 diminuendis
686 1168 770 1231 quae
804 1147 978 1231 cogitaret,
1011 1137 1177 1232 nunbuam
1211 1168 1246 1212 se
1279 1145 1380 1232 perie-

258 1265 386 1328 cturum
407 1279 499 1340 esse,
528 1259 556 1324 si
577 1257 738 1342 principes
760 1259 850 1343 regni
872 1258 1066 1341 Germanici,
1095 1265 1132 1324 nt
1153 1258 1225 1326 fieri
1248 1258 1379 1339 solebat,

256 1371 402 1457 privatas
437 1391 513 1448 suas
546 1369 690 1436 rationes
731 1370 890 1437 communi
927 1369 1026 1438 saluti
1061 1376 1316 1454 anteponerent,
1349 1368 1381 1434 id

256 1481 461 1567 potissimum
479 1480 611 1563 egebat,
634 1485 671 1544 ut
693 1479 777 1558 Unio
798 1481 1038 1564 protestantica
1058 1481 1180 1553 viribus
1196 1481 1265 1553 suis
1279 1480 1381 1546 Possi-

258 1593 371 1658 dentes
394 1591 575 1676 adjuvaret.
625 1590 714 1669 Quae
744 1595 782 1654 ut
810 1590 1083 1673 corroboraretur,
1109 1591 1191 1656 nihil
1219 1591 1381 1675 antiquius

256 1702 402 1768 habebat
421 1722 489 1782 rex,
511 1721 610 1786 quam
632 1708 669 1766 nt
698 1702 860 1786 principes
889 1700 1083 1776 Germaniae
1107 1701 1382 1786 „eorraponden-

257 1813 363 1878 tibus“
394 1833 428 1877 se
457 1811 634 1896 adjungere
667 1811 773 1878 adbuc
804 1818 993 1878 recusantes
1027 1811 1072 1878 ad
1099 1833 1304 1878 communem
1330 1811 1382 1877 ad·

259 1923 394 1988 duceret
416 1944 557 1987 causam.
568 1921 618 2000 ¹⁴³)

322 2033 446 2117 Quique
468 2033 544 2098 inde
567 2055 587 2098 a
608 2031 773 2116 principiis
795 2033 923 2098 unionis
946 2031 988 2098 ab
1010 2029 1150 2098 Henrico
1177 2053 1254 2116 rege
1281 2033 1383 2098 solici-

256 2151 346 2211 tatus
369 2149 450 2225 erat,
473 2143 644 2209 Mauritius
666 2143 879 2226 Hassiaticus,
902 2163 1001 2228 quum
1023 2165 1107 2228 quae
1129 2143 1259 2208 ordines
1277 2142 1383 2208 Land-

259 2254 531 2339 grafiatusautea
545 2253 785 2337 flagitaverant,
803 2254 920 2321 Unioni
932 2263 977 2320 ne‘
990 2275 1025 2322 se
1040 2253 1212 2332 addiceret
1225 2253 1381 2336 dominus,

257 2367 327 2452 jem
348 2364 441 2432 nihili
463 2365 664 2446 aestimaret,
687 2363 1020 2450 correspondentibus
1045 2385 1082 2432 se
1108 2345 1182 2450 jain·
1204 2385 1271 2431 non
1295 2364 1383 2432 deiu-

257 2486 368 2544 unum
387 2494 459 2542 esse
486 2474 687 2542 declarabat.
734 2476 1164 2561 loannem-sigismundum
1191 2496 1323 2562 quoqne
1350 2480 1385 2542 ut

258 2587 376 2654 Unioni
398 2605 434 2652 se
457 2585 634 2667 addiceret,
656 2607 715 2670 per
736 2587 864 2654 litteras
887 2589 1012 2655 orabat.
1044 2588 1187 2654 Joannes
1210 2587 1384 2671 Sigismun·

258 2698 318 2764 dus
340 2699 467 2762 interca
489 2718 563 2762 cum
585 2696 751 2764 ordinibus
773 2700 840 2764 suis
863 2699 903 2765 de
928 2698 1081 2765 subsidiis
1104 2698 1232 2794 agebat.
1242 2696 1296 2784 1⁴⁴)

326 2952 372 3018 141)
391 2954 433 3006 De
451 2967 504 3018 qua
521 2967 551 3005 re
569 2954 603 3005 oi.
616 2953 746 3028 Droysen
763 2953 813 3005 loo.
832 2966 902 3006 ιιοιιι.
1203 3008 1206 3018 ,

326 3048 376 3117 141)
393 3049 494 3101 Unioni
512 3049 651 3109 augendae
668 3050 741 3100 certe
759 3061 836 3099 nemo
854 3050 981 3112 majorem
994 3049 1077 3103 dabat
1088 3061 1205 3115 operam,
1223 3061 1304 3112 quem
1316 3050 1384 3102 Here

258 3145 329 3208 ricus
345 3157 378 3194 ac
394 3155 473 3195 namo
492 3154 552 3192 eam
569 3142 655 3204 menis
672 3142 840 3195 aestimabat.
875 3143 994 3203 Legatus
1007 3141 1210 3204 Franccpelliae
1222 3143 1384 3204 Bongarsiur

258 3250 338 3301 quum
365 3235 462 3286 certior
489 3235 580 3300 lieret,
613 3235 793 3286 Christianum
816 3235 1007 3286 Anhaltensem
1030 3236 1184 3300 prinsquam
1209 3237 1252 3286 ab
1271 3237 1383 3298 impera·

257 3333 316 3380 tore
334 3329 439 3380 auditus
457 3331 535 3394 esset,
553 3342 601 3390 per
618 3331 673 3380 tres
691 3343 794 3380 menses
811 3331 937 3390 oppertus
955 3331 1033 3394 esset,
1051 3329 1131 3382 dixit:
1147 3331 1176 3390 je
1194 3341 1227 3380 ne
1246 3329 1316 3381 orele
1328 3341 1383 3392 pas,

258 3424 335 3492 qufils
357 3424 508 3489 patientent
529 3424 552 3474 si
573 3424 738 3488 lonptemps,
765 3438 793 3475 ee
814 3423 896 3476 sercit
913 3421 1066 3494 prophane·
1087 3421 1187 3474 I'cnioc
1215 3435 1249 3474 en
1270 3423 1384 3484 premier

257 3521 342 3584 acted
377 3519 409 3570 In
422 3519 542 3580 ‚epistole
559 3519 594 3568 ed
611 3518 762 3570 landionem
780 3519 806 3568 d.
825 3518 909 3584 lasea.
927 3531 961 3568 m.
980 3517 1035 3567 Jul.
1054 3517 1125 3574 data,
1143 3517 1259 3578 resorpt,
1270 3516 1359 3578 Berol.

326 3611 372 3670 144)
396 3613 437 3662 De
455 3611 507 3662 hac
523 3625 561 3676 re,
580 3623 648 3674 quae
666 3611 814 3664 iuratione
832 3611 953 3662 ordinum
964 3609 1267 3670 viirandenbnrgicorum
1289 3621 1383 3674 cogno

257 3707 355 3756 scenda
366 3705 505 3766 permagni
516 3704 642 3762 momenti
659 3706 709 3769 est,
727 3706 813 3755 taceo.
832 3703 977 3756 Consilium
995 3703 1124 3769 ordinum,
1142 3703 1213 3766 qnod
1230 3705 1272 3754 eet
1288 3703 1383 3754 eiecto·

258 3813 316 3864 rum
334 3812 366 3864 en
384 3799 521 3853 ordinibus
537 3799 655 3864 virorum
673 3797 700 3846 in
718 3798 744 3856 d.
763 3802 803 3848 14.
821 3811 855 3850 nr.
873 3797 942 3860 lug.
961 3799 1133 3851 convocatum
1151 3799 1200 3848 est.
1235 3797 1287 3860 Qui
1304 3808 1383 3858 quum

257 3893 397 3954 pecuniam
407 3893 550 3943 decernere
559 3892 669 3956 nollent,
686 3891 862 3952 particulares
880 3891 908 3940 in
920 3890 1026 3942 circulis
1043 3890 1155 3952 singuiis
1168 3892 1311 3944 conventus
1323 3902 1382 3940 eon·

257 3987 393 4038 vocantur.
428 3983 941 4052 Exiisedld17.m.Sept.cham
958 3984 1110 4047 Ruppinam
1132 3984 1230 4036 delecti
1251 3983 1301 4035 viri
1323 3982 1381 4031 mit·

257 4082 357 4132 tuntur.
376 4081 420 4142 (ct
438 4079 562 4144 Droyeen
571 4079 607 4132 11.
626 4086 650 4130 a.
669 4079 712 4130 oui
729 4079 823 4142 horum
839 4092 929 4130 rerum
947 4079 1071 4130 altiorem
1094 4077 1272 4140 cognitionem
1290 4077 1381 4139 dobeo,

258 4174 464 4237 dalevingun.
483 4187 509 4236 p.
528 4178 587 4226 eet.
605 4172 738 4234 Klaproth
760 4185 787 4232 p.
807 4176 864 4222 125.
886 4172 941 4222 Jul.
959 4173 1052 4224 liobae
1073 4171 1201 4234 Beitripe
1222 4185 1270 4226 nur
1287 4168 1380 4225 deson

258 4267 283 4317 d
301 4267 452 4321 Brandcub.
472 4265 578 4321 eacus
595 4266 649 4318 und
666 4267 778 4324 Haeret.
797 4263 889 4318 Berlin
908 4271 972 4320 leel
990 4279 1018 4328 p.
1037 4269 1107 4329 902.)
