2982 5032
527 283 758 348 -101-

90 491 165 535 num
189 491 209 534 a
231 468 371 534 Boissise
394 467 435 534 ab
451 467 589 534 Henrioo
613 469 805 553 delegatum,
828 491 938 535 omnes
960 477 1093 554 praeter
1108 473 1213 538 Urbes

89 579 182 664 regni
203 579 387 644 Germanioi
407 601 472 646 non
492 581 584 650 inviti
607 581 792 648 audiebant
836 580 1006 658 Quocum
1033 583 1073 648 iis
1102 584 1132 648 d.
1166 585 1213 648 ll.

88 714 131 756 m.
154 690 248 756 Febr.
271 691 433 772 convenit,
461 695 501 756 nt
522 692 676 775 quamdiu
698 691 983 775 Franoogallorum
1011 695 1123 778 copiae
1151 715 1215 759 non

85 802 252 896 ‘adessent
274 800 481 866 Possidentes
503 803 643 888 quinque
670 802 760 868 milia
782 801 928 886 peditum
950 823 989 867 ac
1010 804 1098 870 mille
1125 805 1214 889 equi-

86 920 138 979 tes
162 918 196 978 et
217 911 432 995 trecentos,¹⁸)
455 919 571 997 postea
593 920 702 978 autem
720 919 879 998 ,quattuor
900 913 991 978 milia
1005 913 1153 998 peditum
1175 936 1215 979 ac

86 1025 216 1110 equites
243 1023 331 1093 mille
359 1029 392 1088 et
418 1023 574 1088 ducentos
606 1045 678 1089 oum
707 1023 888 1112 quindecim
915 1024 1100 1106 tormentis,
1129 1023 1212 1089 Unio

84 1142 199 1202 autem
214 1156 278 1198 non
292 1135 448 1200 minorem
464 1135 603 1218 cujusvis
618 1135 743 1218 generis
755 1155 923 1200 numerum
937 1135 1212 1220 comparer-enm)

83 1245 264 1326 Dimidium
286 1265 362 1310 rere
389 1245 527 1310 militum
549 1251 677 1330 partem
706 1267 806 1330 usque
835 1246 878 1312 ad
905 1246 1047 1312 medium
1069 1267 1213 1311 mensem

84 1357 253 1438 Martium,
276 1355 415 1422 alteram
438 1354 604 1421 dimidiam
626 1377 728 1440 usque
755 1356 798 1422 ad
823 1355 966 1424 medium
993 1357 1137 1441 Aprilem
1160 1379 1214 1422 ex-

83 1473 252 1534 ornarent.
1209 1477 1212 1482 ·

152 1580 222 1644 Rex
243 1583 364 1658 autem,
387 1587 485 1664 quum
508 1583 579 1642 octo
596 1577 686 1642 milia
700 1577 847 1661 peditum
870 1577 997 1664 duoque
1022 1563 1112 1644 milia¹
1125 1580 1214 1664 equi-

83 1698 158 1758 tum
180 1669 392 1774 promisisset,
414 1689 576 1774 principes
599 1689 809 1772 Evangelicos
832 1689 993 1774 obligavit,
1015 1695 1052 1757 ut
1073 1691 1129 1755 ubi
1156 1689 1213 1754 Hi-

83 1801 182 1886 spani
196 1797 453 1884 Francogalliam
468 1798 731 1884 aggrederentur,
747 1801 774 1866 si
790 1799 964 1867 Germania
978 1807 1098 1886 pacata
1117 1807 1213 1882 esset,

83 1911 250 1998 principes
279 1931 351 1976 eum
374 1915 528 1994 quattuor
550 1909 680 1975 milibus
707 1911 862 1994 peditum,
875 1911 1028 1996 milleque
1050 1912 1213 1996 equitibus

83 2023 151 2090 sibi
173 2017 416 2088 auxiliarentur.
462 2019 585 2085 Deinde
614 2027 747 2104 paetum
777 2029 841 2102 est,
870 2030 907 2088 ut
933 2022 1010 2088 fidei
1033 2023 1212 2088 catholicae

83 2137 121 2201 in
144 2133 264 2201 ducatu
286 2113 393 2198 Juliae
416 2129 601 2215 Cliviaeque
628 2131 767 2196 liberum
795 2139 881 2198 esset
904 2133 1106 2215 exercitium,
1132 2154 1211 2198 neve

85 2247 196 2312 altera
226 2265 303 2328 pars
329 2263 444 2327 pacem
471 2241 595 2310 iaceret
616 2239 730 2308 'inscia
767 2243 882 2308 altera.
931 2243 1152 2328 Sigismundus
1180 2249 1213 2308 et

85 2355 262 2442 Mauritius
284 2352 394 2418 landio
410 2351 535 2440 Unioni
549 2359 633 2441 'tunc
656 2374 690 2417 se
713 2353 940 2438 adjunxerunt.
984 2355 1126 2432 Quorum
1145 2353 1212 2446 ille,

86 2489 189 2554 quum
212 2465 411 2548 omnesjam
434 2464 675 2551 desperassent,
699 2485 772 2530 eum
795 2449 926 2530 Hallani
948 2470 1118 2530 venturum
1141 2487 1212 2532 esse

86 2559 211 2662 ipsum,
234 2576 312 2661 quia
338 2575 518 2658 periculum
541 2581 641 2653 esset,
669 2596 710 2639 ne
733 2575 873 2642 electore
901 2576 1036 2664 absente
1059 2577 1213 2642 Christis-

86 2710 150 2754 nus
184 2687 225 2752 II.
252 2681 417 2752 Marchiae
446 2681 555 2750 damni
582 2683 661 2770 quid
689 2677 837 2767 inferret,
868 2686 1000 2752 tandem
1031 2687 1061 2760 d.
1093 2685 1140 2752 18.
1169 2708 1211 2752 m.

86 2800 164 2866 Jun.
187 2779 370 2880 adienit.¹⁵)
414 2796 586 2863 Mauritius
609 2801 735 2877 autem,
758 2797 814 2880 qui
835 2797 874 2862 iis
897 2789 1036 2862 maixime
1059 2798 1212 2881 tempori-

86 2912 150 2977 bus
177 2909 247 2994 ipse
276 2927 347 2972 cum
375 2906 557 2973 Christiano
588 2906 747 2974 Saxoniae
775 2907 916 2974 electore
948 2907 989 2972 de
1019 2929 1055 2974 re
1083 2907 1211 2974 Juliaca

87 3019 217 3104 agebat,
225 3017 260 3102 ¹⁶)
282 3018 407 3101 legatos
429 3017 572 3103 miseret.

87 3231 293 3246 ..ι-β-

88 3435 118 3474 re
135 3421 163 3481 al
175 3420 213 3471 0⁶
231 3419 259 3471 di
271 3419 371 3470 Anault
387 3420 491 3480 portate
509 3419 563 3468 alla
581 3417 654 3470 dieta
671 3418 699 3468 in
716 3418 785 3468 Albe
804 3416 1019 3480 questiPrlneipl
1037 3416 1059 3467 sl
1077 3419 1212 3476 1111111111

88 3517 156 3568 hora
172 3512 348 3566 lontauisslmi
364 3513 399 3564 da
416 3513 479 3576 orni
495 3512 608 3564 accordo
627 3525 708 3564 seusa
724 3511 863 3576 l'acquista
881 3511 908 3562 di
926 3509 1050 3562 Glullers.

157 3608 350 3676 1111111609
378 3609 493 3658 exeunte
517 3606 688 3658 Possideutes
715 3605 753 3658 IV
776 3605 850 3655 milia
876 3604 1084 3668 quadringentos
1108 3605 1211 3665 pedites

89 3703 234 3760 tenerent.
632 3727 642 3742 ι

158 3793 194 3863 ¹⁴)
212 3796 329 3848 Dumout
346 3807 441 3856 corpus
459 3793 700 3856 Dlplomatlcan
718 3800 732 3844 2
751 3805 777 3855 p.
798 3798 846 3845 let
865 3807 904 3856 sq·
923 3791 1210 3853 SenkenbergXXIII.

89 3894 193 3953 111111.
382 3905 387 3912 ·

120 3997 122 4002 ·
159 3982 193 4048 ¹³)
210 3981 366 4034 Memorials
389 3981 439 4033 111.
462 3995 489 4043 p.
514 3987 577 4037 1cs.
591 3982 618 4032 et
644 3985 701 4031 116.
748 3978 889 4032 Multorum
912 3979 940 4030 in
965 3979 1084 4030 Maronia
1112 3981 1211 4033 metum

90 4078 184 4144 misse,
213 4091 247 4129 ne
265 4076 383 4128 Saxones
406 4078 492 4126 terras
510 4074 761 4136 Brandeuburglcos
788 4074 875 4126 subito
905 4072 1007 4134 impetu
1023 4073 1210 4140 opprimerent,

91 4172 248 4235 saepissime
265 4171 372 4232 lenitur.
392 4171 425 4220 cf.
443 4182 504 4220 aun.
524 4175 553 4220 11
573 4171 601 4222 ct
619 4175 662 4220 811.

160 4263 197 4332 ¹⁶)
214 4267 248 4318 of.
267 4268 389 4327 peaes·
429 4291 432 4296 ,
