2980 5040
578 229 790 298 ..15-

106 424 206 508 quod
226 441 306 506 pace
322 419 511 502 Augustam
533 417 638 484 altera
667 437 793 501 quoque
815 415 926 499 religio
948 417 983 481 in
1003 415 1148 500 imperio·
1161 413 1240 480 Ger-

107 535 242 598 manico
264 531 423 616 permissa
445 534 527 594 erat.
569 528 711 594 Joannes
734 527 776 594 de
797 532 891 610 parte
913 527 1073 608 mandati,
1100 532 1139 592 ut
1159 525 1240 592 dixi·

106 667 198 727 mus,
221 643 341 708 certior
363 641 468 706 factus
484 638 526 704 ad
542 639 778 704 commissarios
793 637 898 703 denuo
914 638 1043 721 scripsit
1058 637 1238 721 epistolam,

107 777 182 840 qua
203 752 411 838 imperatoris
434 754 623 834 argumenta
642 749 815 814 refelleret.
860 751 898 816 In
912 771 977 834 qua
992 771 1090 834 quum
1106 748 1240 812 dixisset

106 885 279 930 summum
309 862 476 946 imperium
498 859 637 926 Rudolfo
664 883 728 926 non
750 859 861 926 deberi
881 881 986 944 neque
1008 882 1116 924 rerum
1138 857 1241 924 Julia-

108 997 233 1041 carum
262 978 382 1038 statum
413 972 513 1036 talem
543 992 628 1052 esse,
658 971 787 1054 qualern
808 971 907 1053 legati
930 970 1073 1054 epistolis
1097 969 1140 1034 ad
1162 968 1241 1034 an-

110 1105 227 1150 sarem
243 1084 326 1148 datis
342 1081 571 1164 depinxissent,
595 1082 805 1146 commissarii
818 1081 1065 1166 responderunt,
1080 1101 1151 1144 eum
1168 1101 1240 1144 cum

3 1229 6 1236 ·
111 1197 313 1279 imperatore
337 1192 377 1256 de
399 1197 563 1276 potestate
585 1211 737 1276 suprema
759 1197 984 1288 contacturum
1004 1213 1069 1256 non
1092 1211 1172 1256 esse.

182 1305 232 1370 Ne
253 1303 412 1386 longiores
436 1309 557 1368 essent:
581 1301 624 1368 ad
638 1303 868 1386 imperatorem
884 1324 967 1386 quae
982 1303 1081 1368 vellet
1093 1303 1241 1382 referret,

3 1429 5 1460 l
112 1415 348 1481 commissoriis
369 1414 467 1478 hasce
482 1412 655 1478 'molestias
677 1435 717 1478 ne
740 1413 880 1478 afferret.

181 1525 284 1590 Paulo
306 1529 381 1608 post
402 1544 548 1588 recessus
572 1523 687 1588 editur.
726 1523 764 1589 D.
788 1523 817 1589 7.
839 1547 881 1589 m.
904 1523 980 1589 Dec.
1004 1523 1096 1591 1591.
1132 1523 1241 1610 Hoyas

115 1636 158 1700 de
187 1635 375 1700 Rixenstein
405 1641 438 1699 et
460 1634 605 1698 Prinzius
628 1635 844 1701 Buchavensis
873 1636 1104 1720 imperatorem
1135 1633 1175 1698 de
1204 1654 1242 1698 eo

116 1747 291 1812 certiorem
313 1744 445 1810 faciunt.
489 1745 583 1810 Unde
607 1745 767 1828 colligitur
787 1746 838 1810 vel
862 1745 975 1812 eodem
997 1745 1050 1810 die
1064 1745 1116 1809 rel
1130 1745 1242 1828 paucis

115 1858 216 1924 modo
239 1857 352 1922 diebus
376 1862 451 1922 ante
479 1877 642 1922 recessum
670 1857 882 1940 compositum
905 1856 1032 1935 esse²⁴).
1075 1857 1124 1921 De
1147 1854 1243 1939 privi-

117 1969 211 2050 legiis
226 1967 373 2032 ordinum
393 1987 477 2051 quae
491 1967 690 2050 placuissent
702 1989 800 2052 supra
815 1969 1045 2040 enarravimus.
1067 1968 1244 2032 Praeterea

123 2078 331 2142 constitutum
360 2083 424 2158 est,
454 2082 490 2141 ut
518 2097 571 2142 res
600 2077 749 2161 publicae
781 2101 801 2143 a
824 2079 1016 2144 consiliariis
1038 2077 1243 2143 administra-

121 2194 248 2270 rentur,
278 2195 376 2272 utque
399 2189 487 2270 duci,
510 2193 668 2272 quantum
689 2186 760 2252 fieri
781 2195 902 2272 posset,
925 2210 1003 2254 cura
1024 2189 1073 2252 rei
1094 2187 1243 2274 publicae

119 2300 352 2365 remitteretur.
401 2298 539 2384 Siquid
569 2298 696 2382 gravius
727 2300 903 2381 accideret,
939 2299 982 2366 ad
1007 2299 1130 2366 bellum
1157 2299 1244 2384 quod

121 2411 277 2476 attineret
302 2403 354 2476 vel
381 2409 424 2476 ad
446 2409 671 2506 ¹defensionem
695 2415 857 2478 terrarum
885 2411 1032 2494 aliasque
1059 2413 1129 2495 ejus
1156 2409 1244 2476 modi

120 2541 244 2601 causas,
268 2520 443 2586 consiliarii
464 2519 584 2585 Juliaci
606 2541 678 2585 cum
701 2522 892 2587 consiliariis
904 2522 1126 2588 Montensibus
1150 2528 1192 2603 et,
1216 2521 1244 2586 si

122 2631 297 2696 necessitas
326 2630 524 2713 postularet,
560 2630 759 2696 (divensibus
789 2632 922 2697 consilia
949 2633 1130 2716 jungerent.
1179 2632 1244 2698 Ubi

122 2762 251 2806 necesse
279 2747 366 2806 esset
393 2740 542 2806 ordinum
569 2740 662 2806 fieret
685 2748 868 2823 conventus,
892 2741 934 2807 ad
957 2763 1122 2808 caesarem
1143 2742 1244 2826 refer-

121 2857 219 2918 retur.
263 2851 355 2916 Duae
378 2851 540 2917 cancellae
564 2859 662 2918 antea
680 2853 750 2936 jam
779 2854 988 2935 constitutae,
1016 2851 1137 2920 Oliviae
1160 2853 1244 2920 scili-

123 2970 182 3043 cet,
205 2962 256 3026 cui
271 2961 382 3042 Chris,
405 2962 561 3042 Marchia,
583 2963 812 3028 Ravensteinia
827 2963 1055 3046 subjiciuntur:
1079 2971 1113 3028 ot
1127 2965 1244 3046 Juliae,

124 3073 284 3157 adquam
306 3071 408 3152 Julia,
437 3071 578 3153 Montes,
606 3071 846 3154 Ravensbergia
866 3073 1089 3156 pertinebant,
1118 3095 1245 3142 conser-

124 3183 292 3250 vabantur.
718 3163 720 3168 ⁵

185 3295 361 3379 Imperium
382 3295 479 3378 igitur
502 3299 535 3359 et
556 3294 745 3378 imperatori
767 3299 801 3359 et
816 3295 948 3360 summis
962 3301 1070 3361 terrae
1086 3295 1244 3380 aulaeque

124 3406 379 3490 magistratibus,
417 3406 486 3490 qui,
523 3406 585 3470 etsi
610 3405 672 3489 ipsi
699 3405 846 3472 ordinum
875 3405 1006 3472 fuerumt
1034 3427 1074 3472 ex
1100 3429 1245 3486 numero,

125 3524 247 3599 tamen,
274 3519 400 3602 potiore
427 3538 525 3601 quarn
551 3517 716 3582 habebant
744 3517 850 3602 adjuti
874 3522 1054 3602 potestate,
1082 3539 1244 3602 quumque

126 3627 264 3696 maxims
291 3649 331 3694 ex
359 3634 454 3712 parte
481 3627 628 3710 religioni
654 3627 833 3694 catholicae
861 3628 983 3694 addicti
1006 3634 1125 3710 essent,
1152 3651 1246 3696 suam

127 3737 230 3823 potius
263 3738 495 3822 promovebant
538 3759 671 3804 causam
714 3759 813 3824 quarn
850 3759 1050 3804 communem
1086 3739 1243 3823 ordinum,

128 3848 328 3915 commissum
350 3847 454 3933 est²⁵).
498 3849 536 3914 In
558 3847 713 3932 eligendis
736 3855 845 3914 autern
868 3856 901 3914 et
923 3851 1113 3917 consiliariis
1129 3857 1163 3917 et
1177 3871 1245 3917 ma-

129 3957 313 4044 gistratibus
341 3959 392 4024 vel
417 3957 625 4025 instituendis
652 3964 808 4045 quantum
835 3959 1012 4045 imperator
1037 3961 1174 4042 valeret,
1205 3981 1245 4026 ex

192 4145 226 4211 ²⁴)
245 4145 334 4199 invent
351 4147 421 4197 hunc
439 4157 571 4198 recessum
594 4147 621 4196 in
638 4147 749 4208 Mscpto.
768 4147 865 4208 Hdlbg.
884 4147 929 4198 fol.
949 4153 1057 4199 80-90.
1073 4147 1107 4198 cf.
1124 4147 1185 4198 add.
1202 4153 1244 4201 st.

190 4237 225 4304 ²⁶)
243 4241 346 4306 quaesti
364 4240 425 4290 sunt
441 4241 547 4291 ordines
570 4241 597 4290 tn
614 4241 711 4292 littoris
723 4233 881 4292 'Jacobsese
905 4241 974 4291 dada
991 4241 1016 4290 ᾱ.
1035 4245 1076 4292 sn.
1094 4239 1160 4292 Dea
1180 4247 1243 4294 1591

133 4338 164 4395 (t.
182 4335 242 4386 Jan
262 4339 345 4399 1592).
