2980 5040
612 295 803 360 -'!-

154 485 188 549 in
217 483 314 548 rebus
343 483 478 548 Juliacis
505 487 652 548 uteretur
684 483 734 546 vel
761 505 820 568 pro
849 485 967 551 futuris
993 486 1071 570 quid
1098 487 1276 569 moliretur,

153 571 421 680 perspiciebatur.
711 578 717 584 ’

217 705 335 788 Itaque
358 703 392 767 in
414 723 522 768 rerum
544 725 714 787 progressu
729 705 781 772 hic
801 712 975 772 conventus
997 727 1075 772 saue
1098 729 1163 773 non
1184 709 1277 792 parvi

153 822 204 882 est
225 815 390 881 momenti.
400 812 443 896 ³)‘
465 813 542 878 Inde
566 815 650 878 enim
672 821 783 899 partes
806 817 949 900 singulae
971 839 992 882 a
1013 818 1146 902 singulis
1169 837 1204 882 se
1225 839 1276 884 ee-

150 927 308 1012 junxisse,
331 924 514 989 inimicitias
537 931 668 990 oxortas
691 947 772 1007 esse,
789 933 919 994 exortas
942 929 1040 994 etiarn
1064 935 1097 994 et
1118 927 1275 996 vindicias

154 1042 188 1102 et
203 1035 488 1119 expostulationes,
511 1055 595 1119 quae
618 1057 667 1100 ao.
694 1037 774 1101 1609
789 1038 949 1121 repetitae
971 1045 1055 1121 sunt,
1069 1061 1129 1106 nos
1144 1039 1275 1124 quidem

155 1153 316 1232 putamus.

217 1257 327 1340 Neque
349 1257 383 1320 in
404 1255 455 1322 his
486 1262 574 1322 certe
600 1257 697 1322 rebus
726 1263 795 1324 tam
824 1259 975 1344 ambigua
1000 1259 1179 1326 incedimus
1201 1260 1274 1326 fide.

153 1361 315 1451 Contingit
336 1368 421 1432 enim
444 1367 550 1448 nobis,
575 1373 610 1432 ut
633 1389 716 1451 quae
739 1369 903 1453 princeps,
926 1370 981 1454 qui
995 1370 1219 1455 Dusseldorpii
1234 1371 1274 1437 de

150 1469 261 1545 rebus
276 1479 399 1562 optime
426 1479 558 1559 meruit,
591 1478 746 1572 Joannes
763 1479 931 1545 Palatinus
962 1481 1168 1564 Bipontinus,
1201 1503 1274 1548 cum

150 1591 347 1674 imperatore
370 1596 404 1655 et
425 1589 565 1656 statssms
580 1591 815 1674 provinciarum
830 1595 864 1655 et
878 1592 1071 1674 praesertim
1094 1613 1167 1656 cum
1189 1609 1274 1658 com·

150 1701 308 1766 missariis
331 1702 433 1784 egerit
454 1721 494 1766 ex
516 1700 634 1766 litteris
653 1701 736 1786 ipsis
759 1701 904 1784 actisque
927 1701 1064 1786 publicis
1085 1719 1274 1786 repraesen-

150 1818 222 1878 tare
249 1813 418 1896 possimus.
468 1812 609 1890 Quorum
642 1813 808 1897 exemplar
841 1811 883 1877 ad
912 1812 1273 1896 electorem-quendam

150 1921 334 1988 Palatinum
356 1923 489 1988 missum
511 1923 567 2001 (iu
589 1923 673 1988 libro
702 1923 844 2007 quodam
867 1923 930 1988 250
954 1925 1146 2008 paginarum
1167 1923 1272 1990 torma

153 2034 307 2110 maxima)
321 2033 353 2098 in
368 2033 565 2100 bibliotheca
578 2033 804 2100 Universitatis
819 2033 1102 2118 Heidelbergensis
1119 2040 1235 2102 exstat
1248 2034 1273 2116 ⁴)

326 2255 371 2323 De
393 2256 551 2322 conventu
572 2255 852 2339 Dnesseldorpensl
874 2255 1029 2323 11111111
1051 2258 1098 2322 tt.

212 2399 316 2466 Mensi
331 2399 457 2484 Septbr.
483 2397 754 2484 (Senkenbergius
777 2399 890 2466 scribit
913 2398 952 2462 25
976 2421 1016 2464 m.
1039 2397 1180 2483 Septbr.)
1203 2399 1273 2467 Ma·

146 2511 197 2576 ria
226 2509 367 2576 Elenora
401 2532 474 2576 cum
501 2510 595 2576 Anna
623 2509 691 2576 filia
724 2516 804 2576 natu
830 2511 971 2575 maxima
999 2530 1038 2573 ex
1064 2509 1197 2576 Prussia
1231 2513 1273 2578 si·
1390 2545 1393 2552 ·

148 2621 278 2706 mulque
301 2643 374 2686 cum
390 2643 429 2686 ea
444 2621 589 2687 Palatini
604 2627 637 2686 et
651 2621 871 2704 Neoburgicus
887 2626 921 2685 et
934 2620 1126 2704 Bipontinus
1140 2619 1272 2686 Dussel-

149 2731 297 2817 dorpium
332 2737 497 2797 venerunt.
546 2730 668 2810 Quibus
701 2737 805 2797 morte
834 2731 984 2796 Guilelmi
1013 2731 1067 2796 IV.
1101 2731 1272 2815 appropin-

149 2849 281 2927 quante,
305 2865 404 2927 quum
419 2843 562 2909 loannes
579 2841 758 2908 Guilelmus
774 2841 858 2907 filius
874 2847 941 2907 tam
957 2841 1098 2925 corporis
1121 2852 1271 2925 exparte

150 2976 248 3038 quarn
274 2953 373 3018 animi
395 2953 437 3018 ad
459 2974 512 3018 res
532 2953 689 3035 gerendas
709 2960 796 3017 esset
816 2951 948 3032 inutilis,
970 2951 1049 3016 nihil
1071 2951 1132 3017 fuit
1153 2953 1270 3036 potius,

147 3086 249 3147 quam
271 3070 308 3128 ut
329 3063 362 3128 in
384 3062 473 3128 Julia
493 3083 611 3127 novum
633 3061 822 3144 firmumque
843 3059 1049 3125 instituerent
1069 3061 1249 3144 imperium.

212 3174 303 3240 Duae
325 3173 529 3258 potissimum
556 3194 609 3238 res
636 3173 670 3236 in
695 3171 860 3255 proposito
890 3175 992 3236 erant.
1036 3170 1156 3237 Terrae
1186 3171 1269 3237 enim

148 3261 309 3369 quomodo
332 3285 374 3350 ab
397 3285 495 3350 armis
510 3283 728 3367 Hispanorum
750 3280 901 3348 deniendi
922 3288 1064 3365 possent,
1089 3283 1193 3368 primo
1215 3282 1270 3347 de·

147 3395 352 3461 liberandum
380 3401 470 3475 erat,
497 3394 613 3458 deindo
640 3392 799 3477 quomodo
828 3395 861 3456 et
883 3391 1125 3458 administratio
1152 3397 1185 3458 et
1211 3393 1269 3458 im-

147 3505 273 3590 perium
305 3505 540 3570 ordinarentur.
590 3503 822 3568 Interessentes
853 3502 887 3566 in
915 3501 981 3568 illis
1016 3524 1075 3569 sua
1109 3503 1170 3569 sibi
1193 3503 1269 3587 jura

148 3615 308 3682 servanda
329 3637 400 3682 esse
423 3614 608 3681 censebant.
645 3613 826 3697 Sperabant
841 3613 940 3697 igitur
961 3613 1030 3678 fore
1052 3619 1089 3679 ut
1111 3613 1269 3680 derebus

149 3725 375 3810 componendis
416 3747 494 3792 suae
531 3725 711 3790 sententiae
752 3745 773 3788 a
811 3723 1037 3789 commissoriis
1071 3722 1268 3790 audirentur.
1341 3729 1342 3734 ’

147 3837 290 3904 loannes
305 3837 494 3922 Bipontinus
510 3836 565 3920 qui
580 3835 833 3900 Interessentum
848 3834 975 3899 nomine
990 3839 1024 3899 et
1039 3855 1111 3900 cum
1126 3833 1267 3901 statibus

216 4091 238 4156 ³)
257 4095 290 4144 oi.
309 4093 337 4142 in
354 4092 474 4142 11111111
491 4091 528 4142 11.

217 4185 239 4250 ⁴)
266 4187 335 4239 liber
361 4185 502 4247 inscriptus
527 4187 569 4236 est
595 4184 820 4245 Verbandlungen
847 4183 981 4234 zwisehen
1011 4183 1070 4233 dem
1097 4181 1267 4244 Pislsmlen

150 4282 257 4334 ι1111111
274 4281 328 4332 und
345 4280 405 4330 dem
423 4278 528 4344 Kaisar,
546 4278 574 4328 in
593 4277 697 4330 Sachen
715 4278 763 4328 der
779 4275 999 4328 Ftirstenthtimer
1010 4274 1108 4341 cunct,
1125 4276 1198 4338 Berg
1214 4277 1267 4328 und

152 4375 233 4428 (llere
250 4378 382 4428 nouiter
405 4373 459 4423 und
478 4375 518 4424 11.
