2980 5040
699 305 989 372 ως..Ὶ

245 495 329 560 1590
356 518 377 562 a
403 489 530 560 maritis
556 492 696 560 filiarum
723 495 832 578 petiit,
869 499 907 558 ut
932 493 1029 559 rebus
1057 493 1194 578 publicis
1222 492 1367 564 consiliis

243 607 310 673 suis
333 606 496 672 adessent.
540 604 649 670 Verba
674 627 739 672 non
766 606 886 672 faciam
914 604 954 669 de
977 604 1116 685 damnis,
1143 625 1226 688 quae
1254 609 1367 668 terrae

237 691 283 783 'ex
315 717 401 783 bello
435 736 507 781 cum
539 715 693 800 Hispanis
727 717 767 781 de
799 715 1034 782 Hollandorum
1068 714 1220 780 libertate
1252 719 1367 780 exorto

244 831 476 894 contraxerunt
502 847 607 910 neque
637 826 678 891 de
707 825 816 910 inopia
847 827 895 892 rei
922 825 1080 909 publicae.
1135 825 1224 904 Quae
1255 830 1368 890 tamen

242 945 337 1006 tanta
358 937 421 1004 fuit
444 943 481 1002 ut
504 935 680 1002 creditores
701 937 831 1022 publici,
854 957 952 1022 quum
974 956 1079 1019 neque
1102 935 1167 1000 dux
1187 957 1292 1020 neque
1315 957 1367 1000 cr-

243 1049 334 1115 dines
370 1047 422 1113 rel
459 1053 586 1112 veteres
617 1047 669 1112 rel
698 1069 779 1130 quas
813 1069 895 1113 anno
928 1047 1007 1110 1573
1039 1046 1185 1112 fecerant
1216 1067 1368 1112 versuras
1481 1101 1482 1104 ,

243 1159 419 1225 dissolvere
441 1163 574 1242 possent
596 1157 737 1242 singulas
752 1164 862 1242 partes
878 1159 912 1222 in
926 1156 1101 1223 Hollandia
1116 1162 1305 1240 pugnantes,
1328 1162 1367 1222 ut
1481 1203 1482 1208 η

243 1271 278 1336 iu
300 1269 389 1335 Julia
411 1274 579 1334 exactores
602 1269 795 1350 existerent,
824 1269 971 1334 orabant.
1015 1267 1066 1332 Ad
1087 1267 1232 1352 pericula
1256 1273 1367 1332 autem

245 1401 408 1447 armorum
433 1377 653 1464 Hispanorum
675 1378 761 1464 quod
789 1379 908 1446 attinet
933 1379 1138 1464 imperatoris
1166 1377 1281 1443 fuisset
1307 1379 1367 1443 cir-

248 1491 336 1556 culos
363 1489 506 1574 imperii,
534 1495 571 1554 ut
591 1489 712 1556 duliam
741 1489 966 1571 defenderent,
989 1509 1178 1574 provocare:
1208 1488 1367 1555 Rudolhrs

243 1601 442 1668 calamitatis
472 1599 562 1665 nulla
591 1599 705 1666 habita
726 1600 852 1668 ratione
883 1601 945 1666 nisi
972 1599 1059 1684 quod
1089 1599 1209 1665 litteris
1238 1600 1368 1684 quibus-

244 1712 320 1780 dem
334 1711 552 1796 Hispanorum
575 1711 726 1776 saevitias
748 1710 915 1776 devincere
937 1711 1104 1791 studebat,
1126 1731 1195 1776 rem
1216 1711 1368 1794 neglexit.

245 1822 358 1906 Neque
380 1841 401 1886 a
421 1821 620 1906 principibus
642 1821 771 1905 imperii
784 1821 938 1886 auxilium
957 1821 1093 1888 allatum
1105 1827 1164 1886 est.
1194 1821 1278 1888 Nam
1299 1827 1368 1888 tam

244 1931 278 1998 in
307 1937 465 1999 conventu
480 1932 696 1997 vormatiensi
720 1930 823 2016 (vulgo
846 1932 1249 2017 Reichsdeputationstag)‚
1270 1953 1368 2016 quam

245 2044 279 2110 in
312 2041 521 2109 conventibus
553 2047 587 2106 et
619 2041 771 2108 Coloniae
806 2048 839 2107 et
874 2041 1109 2126 Franccfurti2)
1144 2042 1275 2122 habitis,
1308 2045 1368 2108 etsi

248 2155 348 2220 stiam
382 2159 482 2238 atque
516 2153 616 2218 etiam
648 2152 690 2218 ad
729 2152 949 2221 defendendas
983 2160 1089 2220 terras
1121 2173 1205 2238 quae
1244 2154 1366 2238 agenda
1481 2169 1482 2224 ξ

245 2270 364 2343 essent,
387 2263 593 2328 considerata
616 2269 719 2342 erant,
741 2263 822 2328 nihil
844 2265 1055 2330 constitutum
1078 2269 1136 2329 est.

309 2371 421 2455 Neque
455 2372 489 2437 in
520 2377 678 2437 conuentu
709 2373 819 2437 circuli
847 2374 994 2440 Francici
1022 2374 1282 2458 Norimbergensi
1312 2395 1362 2440 res
1481 2391 1482 2396 ’

245 2481 419 2569 prooessit,
448 2503 544 2565 quem
566 2487 677 2547 tamen
697 2485 876 2566 praeterire
899 2505 962 2550 non
981 2506 1151 2569 possumus
1171 2487 1258 2569 quod
1280 2493 1363 2566 tunc,
1481 2549 1482 2552 ,

247 2600 285 2660 ut
305 2593 443 2673 videtur,
466 2593 570 2676 primo
592 2592 701 2675 generi
716 2591 867 2660 Guilelmi
890 2595 980 2662 ducis
1002 2597 1121 2662 Juliaci
1143 2597 1199 2680 qui
1221 2618 1279 2681 spe
1301 2598 1368 2662 lon-

251 2706 370 2788 ginqua
388 2703 440 2768 usi
461 2723 499 2768 eo
516 2703 586 2786 jam
607 2708 752 2786 tempore
772 2709 933 2771 terrarum
951 2705 1153 2772 Juliacarum
1169 2708 1365 2774 Interessen·

248 2821 299 2880 tes
326 2833 361 2878 se
390 2812 616 2894 nominabant,
644 2812 687 2878 ad
710 2812 936 2881 deliberandas
963 2837 1014 2882 res
1044 2824 1258 2884 accesserunt.
1303 2817 1362 2880 Hic

248 2922 379 3008 quidem
407 2923 552 3008 quamvis
575 2923 743 3008 Philippus
766 2924 945 2993 Ludovicus
968 2929 1135 2994 Palatinus
1158 2929 1261 2995 Rheni
1281 2928 1364 2994 Neo·

248 3035 398 3119 burgicus
427 3055 551 3100 summo
582 3035 690 3100 studio
716 3035 814 3102 rebus
842 3037 1056 3120 incubuisset,
1084 3041 1164 3106 nihil
1194 3040 1283 3106 aliud
1311 3039 1365 3104 de-

249 3145 374 3210 finitum
396 3149 460 3224 est,
490 3166 588 3228 quam
609 3151 646 3209 ut
668 3165 708 3209 ex
730 3146 923 3212 electoribus
950 3156 1178 3233 quaereretur,
1207 3171 1365 3235 quaenam

251 3254 292 3320 ab
315 3254 388 3320 aliis
411 3253 539 3319 circulis
562 3255 724 3338 speranda
746 3263 855 3322 essent
877 3259 1005 3326 auxilia.

314 3365 430 3450 Itaque
458 3387 557 3450 quum
580 3366 621 3432 ab
648 3365 712 3432 illis
734 3368 882 3452 partibus
909 3391 991 3453 quae
1018 3371 1148 3437 fuerunt
1170 3373 1298 3456 imperii
1320 3373 1366 3454 ni-

249 3475 295 3542 hil
316 3481 481 3559 ageretur,
509 3477 742 3544 Interessentes
770 3479 832 3562 ipsi
855 3499 927 3544 eum
955 3481 1093 3548 statibus
1116 3483 1222 3549 Juliae
1245 3483 1366 3549 Oliviae

250 3592 495 3672 ceterarumque
518 3588 753 3672 provinciarum
775 3611 838 3673 quo
860 3595 1004 3676 tempore
1028 3594 1237 3660 commissarii
1253 3615 1273 3660 a
1288 3593 1366 3660 Cae-

251 3717 324 3763 sare
352 3697 492 3782 delegati
517 3699 631 3765 urbem
662 3701 844 3784 attigissent
871 3702 1157 3786 Duesseldorpium
1190 3706 1366 3786 convenire,

250 3827 291 3872 m.
314 3806 440 3891 Septhr.
472 3809 550 3874 1591
580 3816 775 3876 statuerunt.
818 3811 887 3890 Quo
914 3813 948 3876 in
978 3819 1133 3880 conventu
1160 3836 1258 3899 quum
1282 3817 1366 3881 lnte-

250 3923 410 3984 ressentes
437 3919 541 4002 primo
568 3921 601 3984 in
628 3922 724 3987 terris
751 3922 829 4005 ipsis
856 3923 992 4006 publicis
1018 3923 1115 3990 rebus
1143 3927 1367 4010 componendis

252 4027 368 4095 darent
398 4049 530 4112 operam
560 4036 629 4096 tum
658 4032 835 4116 imperator
856 4034 959 4117 primo
993 4054 1058 4116 qua
1082 4035 1215 4120 politica
1241 4038 1366 4104 ratione

319 4287 431 4356 ²)Quos
448 4304 489 4344 ao.
509 4297 573 4345 lieo
597 4293 677 4345 inisse
701 4305 734 4345 ex
751 4293 863 4356 ephan
884 4297 919 4348 ab
942 4297 1078 4352 ordinibus
1095 4299 1184 4352 Juliae
1208 4301 1307 4363 scripta
1329 4302 1363 4364 (d.

255 4391 296 4438 80.
314 4384 350 4439 it.
367 4386 434 4440 Nov-
453 4389 527 4448 1591)
545 4386 702 4450 intelligitur
718 4389 824 4450 liscrpt
841 4389 953 4452 Hdlbrg.
