2980 5040
664 342 874 406 „53-

282 529 346 595 Sed
369 535 543 614 antequam
566 530 833 614 demonstremur,
856 533 1015 617 quomodo
1036 553 1089 598 res
1112 531 1249 598 ducatus
1262 555 1344 616 pac-

218 643 305 708 tione
327 639 586 706 Dortmundiana
607 641 695 707 facta
718 633 935 710 commutatae
957 644 1031 726 sint,
1054 663 1138 728 qnae
1161 649 1196 708 et
1218 643 1347 710 elector

217 754 287 837 ipse
310 753 421 836 etqui
443 773 482 816 ex
505 773 543 816 6ο
564 753 751 836 pendebant
773 754 948 820 consiliarii
974 755 1014 820 de
1036 755 1095 820 illa
1115 753 1345 837 cogitaverint,

217 864 329 948 paucis
357 861 450 929 nobis
477 863 666 929 disserenda
695 870 778 930 sunt.
822 865 963 943 Quorum
992 865 1026 932 hi
1055 866 1095 931 de
1123 865 1221 932 rebus
1242 865 1348 932 Dort-

217 973 368 1040 mundiae
388 975 487 1057 gestis
502 975 655 1040 certiores
677 975 756 1040 facti
776 976 959 1060 perturbati
981 997 1052 1042 esse
1075 981 1109 1041 et
1130 977 1344 1058 consternati,

218 1085 274 1152 ille
304 1090 414 1151 autem
443 1107 528 1172 quae
555 1087 718 1171 principes
740 1087 937 1172 pepigissent
959 1087 1161 1154 subscribere
1189 1086 1247 1152 diu
1271 1109 1346 1155 mo-

217 1201 308 1264 ratus
331 1217 402 1262 esse
425 1196 583 1262 dicuntur.
614 1197 786 1264 Mauritius
808 1198 905 1282 igitur
926 1219 1025 1282 quum
1046 1199 1154 1282 legato
1177 1217 1234 1264 suo
1249 1215 1347 1264 man·-

218 1307 339 1390 dasset,
362 1307 594 1373 ut'electorem
615 1309 743 1374 nomine
774 1309 956 1394 subscripto
977 1309 1092 1376 foedus
1115 1309 1261 1376 sanxisse
1283 1310 1346 1376 nbi

154 1479 156 1484 .
218 1421 436 1504 comperisset,
459 1420 570 1485 statim
581 1419 755 1502 nuntiaret,
779 1441 941 1506 quumque
953 1421 1023 1506 jam
1037 1441 1097 1506 per
1111 1421 1245 1506 aliquod
1258 1427 1347 1486 tem-

217 1554 278 1619 pus
292 1525 489 1616 'responsum
511 1531 634 1598 frustra
655 1537 869 1616 expectasset,
892 1552 933 1598 ne
954 1532 1097 1600 Joannes
1119 1531 1346 1616 sigismundus

217 1643 296 1728 quid
319 1649 431 1710 contra
453 1644 613 1710 actionem
640 1643 853 1710 meditaretur
879 1641 1071 1726 timebat.⁷²)
1114 1639 1227 1727 Neq'ue
1255 1665 1346 1728 quae

219 1754 334 1820 eadem
354 1759 515 1820 testentur
537 1753 662 1820 desunt.
706 1754 790 1820 Nam
812 1777 910 1840 quum
931 1755 1145 1839 Hieronymus
1167 1776 1188 1819 a
1210 1754 1346 1838 Discau,

217 1864 425 1930 Trutmoniae
452 1865 588 1948 loanni,
620 1865 797 1932 Nassoviao
826 1865 949 1947 comiti,
987 1864 1137 1947 dixisset,
1165 1865 1345 1932 electorem

218 1974 403 2041 Palatinum
426 1978 536 2060 (quem
556 1977 653 2042 rebus
681 1977 909 2062 componendis
937 1975 1075 2044 multum
1101 1996 1238 2044 navasse
1266 1997 1348 2060 ope-

218 2108 289 2153 ram
320 2089 469 2167 constat)
500 2109 631 2154 causam
657 2086 975 2173 Brandenbmgicam
1001 2109 1117 2173 parum
1151 2089 1349 2172 suscepisse,

219 2197 305 2264 alter
326 2197 508 2283 respondit,
535 2196 606 2264 fieri
632 2220 696 2265 non
717 2201 880 2284 potuisse,
911 2193 989 2284 quin
1013 2198 1212 2282 Fridcricus,
1240 2221 1346 2283 quum
1434 2289 1438 2300 .
1484 2225 1485 2240 ¹

220 2309 340 2374 elector
360 2309 527 2404 proposita
550 2311 619 2392 ejus
642 2311 770 2376 omnino
792 2332 856 2378 non
877 2310 1063 2396 probasset,
1091 2310 1131 2376 de
1153 2312 1202 2376 rei
1224 2316 1361 2382 eventu.

219 2419 435 2504 desperasset.
464 2420 511 2484 Ac
533 2441 611 2486 sane
633 2442 702 2486 rem
723 2443 807 2488 nunc
828 2427 961 2508 praeter
983 2423 1052 2508 ejus
1075 2443 1166 2507 spem
1186 2441 1347 2506 prospere

220 2529 417 2614 evenisse.⁷³)

283 2642 479 2720 Quibuscum
513 2644 633 2729 optime
667 2644 887 2726 consentiunt,
921 2665 1005 2730 quae
1038 2665 1078 2710 ex
1111 2642 1346 2727 Heidelbergia

217 2751 452 2819 nuntiabantur
485 2752 528 2838 (d.
562 2755 611 2818 26.
641 2777 683 2820 m.
713 2755 804 2839 Maji)
839 2756 1013 2821 electorem
1039 2755 1128 2821 nullo
1157 2753 1344 2822 conditione

219 2885 260 2928 ne
294 2863 337 2929 ad
362 2869 491 2948 tempus
517 2865 649 2950 quidem
679 2867 850 2950 imperium
885 2887 957 2932 cum
992 2867 1162 2951 Neoburgo
1198 2864 1345 2932 dividere

220 2974 353 3058 velle.⁷⁴)

283 3087 395 3172 Neque
424 3089 718 3172 praetermittenda
745 3089 895 3155 videntur
931 3109 1016 3176 quae
1051 3088 1150 3172 legati
1177 3085 1346 3154 Branden-

218 3199 343 3282 burgici
378 3199 492 3263 eodem
523 3199 592 3263 fere
620 3205 781 3283 tempore,
817 3221 880 3284 quo
913 3221 966 3266 res
999 3197 1234 3264 Dortmundiao
1269 3217 1346 3280 age-

219 3309 333 3392 batur,
364 3314 441 3374 ante
468 3307 581 3375 Status
608 3308 803 3378 Hollandiae
829 3311 1138 3394 pronunciaverunt,
1169 3309 1345 3376 electorem

219 3426 363 3486 veterum
391 3419 583 3485 societatum
610 3442 682 3486 cum
711 3421 860 3488 Palatino
883 3423 1083 3506 Neoburgico
1110 3421 1201 3486 nulla
1229 3419 1345 3486 habita

218 3531 345 3600 ratione
367 3536 492 3612 terras,
516 3535 693 3616 antequam
720 3533 952 3618 aWolfgango
976 3533 1136 3600 Guilelmo
1164 3536 1344 3617 occupatae

218 3719 422 3730 -u-—uu—

287 3876 321 3942 ⁷57
345 3889 413 3956 qpae
437 3889 471 3930 cx
498 3877 610 3940 epistola
637 3876 750 3939 quadam
776 3877 938 3928 ablauritio
966 3877 991 3928 (1.
1029 3883 1069 3928 20.
1096 3889 1131 3926 m.
1154 3875 1217 3929 Juu.
1246 3874 1345 3938 scripta

220 3975 325 4038 sumpto
342 3974 410 4024 sunt.
429 3971 494 4024 cod.
512 3972 619 4033 mscrpt.

288 4066 322 4132 ⁷³)
339 4069 381 4118 Ex
399 4067 507 4119 littteris
525 4079 542 4116 a
559 4065 664 4118 Joanno
686 4065 783 4117 comite
802 4065 907 4116 domino
924 4065 1087 4129 Hieronymo
1109 4078 1126 4116 a
1148 4064 1248 4116 Disoau
1266 4063 1343 4115 detis.

221 4163 286 4216 (lod.
304 4163 410 4224 meorpt.
427 4162 516 4213 Berol.

288 4255 322 4320 ⁷⁴)
340 4257 472 4309 Volradus
499 4256 532 4306 (16
554 4254 665 4306 Plcssen
687 4254 723 4304 ad
744 4252 891 4316 principem
913 4253 1118 4306 Anhaltensem:
1150 4254 1345 4314 Brandenburss

220 4351 277 4402 wlll
294 4351 338 4401 die
349 4365 401 4403 von
418 4351 547 4412 neuburg
564 4362 633 4411 ganz
651 4348 705 4400 und
722 4360 771 4410 gar
788 4348 862 4399 nicht
884 4348 971 4398 naban
993 4347 1050 4398 sich
1067 4349 1160 4398 weder
1177 4363 1226 4400 rur
1242 4358 1344 4410 posses·

222 4445 279 4500 sion
296 4445 365 4498 noch
383 4457 430 4498 aur
447 4443 658 4497 administration
676 4443 745 4494 auch
762 4455 812 4493 nur
828 4441 1033 4493 interimsweise
1052 4442 1183 4493 aulassen.
