2980 5040
745 263 957 332 ..4ss-

356 448 511 518 Dominus
544 455 653 518 autem
685 452 726 518 de
758 453 792 520 la
813 452 974 520 Bcdderie
1001 452 1044 520 ed
1064 451 1254 520 Henricum
1304 454 1451 519 nunciat

293 559 451 628 Jacobum
471 581 579 646 regern
601 563 892 634 Praetendentibus
914 565 1034 632 iratum
1061 584 1143 646 esse,
1165 565 1224 648 qui
1252 564 1405 630 nullos
1428 585 1451 630 a

294 691 368 738 eum
388 673 535 740 miserint
556 676 695 742 nuntios.
738 676 822 756 Quin
848 676 949 744 etiam
970 675 1148 744 leanninus
1170 675 1203 741 d.
1227 676 1269 742 9.
1304 698 1363 742 m.
1391 675 1451 742 Jur

293 782 372 850 dicit
393 806 446 852 res
468 786 608 871 segniter
630 787 735 872 egi³⁵).

355 896 441 964 Num
461 898 559 983 igitur
580 899 732 982 dicemus,
754 899 1026 984 Brandenburgos
1049 904 1083 966 et
1102 897 1218 966 auxilii
1235 899 1451 982 amicorum

293 1008 406 1092 quales
428 1008 540 1078 Status
562 1016 668 1092 erant,
695 1011 751 1096 qui
772 1017 873 1078 antea
894 1031 1013 1078 causae
1035 1011 1165 1080 illorum
1186 1011 1451 1095 propensiores

292 1118 430 1203 fuerant,
452 1143 549 1207 quarn
564 1121 816 1206 Neoburgomm,
840 1145 880 1190 ea
899 1123 1102 1208 potissimum
1130 1143 1169 1188 ex
1192 1143 1319 1188 causa
1342 1123 1449 1207 jactu-

292 1251 364 1296 ram
377 1229 504 1314 fecisse,
526 1231 613 1317 quod
634 1239 669 1300 et
689 1233 746 1300 diu
767 1235 909 1302 cunctati
932 1235 996 1302 sint
1019 1240 1052 1300 et
1065 1255 1135 1300 rem
1150 1233 1447 1310 tardaverint³⁶ii

358 1340 480 1420 Quibus
514 1342 555 1410 de
586 1344 683 1412 rebus
717 1346 826 1412 credo·
846 1347 939 1429 longe
967 1366 1060 1414 secus
1089 1345 1183 1412 nobis
1203 1343 1442 1428 judicandum

294 1471 374 1518 esse.
417 1453 525 1524 Primo
545 1455 643 1540 igitur
664 1479 704 1524 ne
726 1457 941 1542 negligamus,
972 1479 1056 1542 quae
1078 1455 1234 1524 Hellandi
1262 1455 1440 1530 dixerunt

293 1563 337 1630 ad
356 1570 467 1650 partes
489 1567 789 1653 Brandenburgicas
811 1589 846 1634 se
868 1589 903 1636 se
925 1569 1145 1655 applicaturos
1174 1587 1261 1648 esse,
1296 1545 1451 1633 abisur-³

292 1696 356 1760 que
377 1677 535 1746 Henricus
549 1701 607 1746 rex
622 1680 795 1746 electorem
814 1700 850 1746 se
865 1681 1053 1766 adjuturum
1068 1678 1183 1762 essem)
1204 1679 1436 1763 promisisset.

293 1786 382 1866 Quae
410 1791 488 1874 quin
514 1791 640 1856 sincera
667 1812 779 1858 eorum
806 1790 905 1857 fuerit
926 1791 1087 1860 sententia
1107 1789 1256 1858 dubitari
1282 1812 1360 1856 non
1383 1811 1434 1874 pc

292 1902 373 1964 test:
395 1899 550 1968 Hellandi
571 1903 656 1968 enim
677 1922 736 1988 per
757 1901 875 1968 multos
894 1903 965 1987 jem
987 1925 1088 1972 annos
1109 1921 1162 1968 res
1179 1900 1344 1986 publicas
1362 1923 1429 1967 con-

292 2009 381 2078 sultu
396 2012 687 2098 ‘Francogallorum
709 2013 971 2082 moderabantur.

357 2123 441 2203 Quid
460 2126 559 2210 igitur
577 2125 780 2210 Francogalli
802 2125 842 2192 de
864 2125 1057 2212 adjuvandis
1079 2123 1356 2206 Brandenburgis
1377 2144 1413 2188 re

291 2234 460 2317 gitabant‘i
488 2237 612 2304 Scimus
627 2239 801 2304 Henricum
811 2238 867 2305 IV.
881 2238 1080 2304 incrementa
1090 2233 1402 2320 Brandenburgorur

293 2344 466 2412 Berussice
492 2349 612 2413 iterum
639 2355 738 2432 atque
763 2349 881 2414 iterum
910 2368 1114 2431 summopere
1135 2347 1264 2412 fovisse.
1314 2347 1398 2412 Etim
1450 2387 1451 2392 κ

295 2474 335 2518 ex
361 2455 481 2522 litteris
509 2458 579 2542 ejus
607 2459 666 2524 III.
693 2479 735 2524 m.
761 2457 838 2542 Apr.
868 2459 949 2523 1609
982 2457 1069 2524 datis
1099 2457 1309 2539 intelligitur,
1351 2476 1407 2522 eun

294 2586 427 2636 causam
463 2569 781 2655 Brandenburgicam
816 2570 1020 2655 praetulisse.
1076 2569 1149 2634 Non
1184 2565 1410 2652 praetermittit

294 2678 468 2746 electorem
482 2681 676 2764 Palatinum,
699 2683 838 2750 amicum
863 2703 957 2747 suum
979 2685 1012 2745 et
1034 2681 1165 2760 socium,
1187 2678 1304 2745 Joanni
1322 2678 1409 2762 sigis

294 2789 413 2854 mundo
439 2793 541 2873 magis
577 2792 696 2871 favere,
733 2814 831 2875 quam
867 2792 1015 2874 Philippo
1051 2790 1224 2856 Ludovico.
1272 2789 1409 2855 Amicior

295 2900 394 2966 etiarn
415 2884 677 2986 Bra'ndeuburgis
703 2903 815 2986 primis
843 2908 931 2968 certe
957 2906 1196 2985 postmortem
1223 2899 1310 2965 ducis
1333 2907 1408 2965 tem·

292 3011 425 3096 poribus
446 3011 469 3078 J
470 3015 640 3097 eominus,
662 3014 904 3098 Francogalliae
923 3010 1110 3096 1131111138).
1154 3009 1215 3088 Qui
1232 3029 1284 3074 eos
1302 3012 1407 3094 potius

295 3255 370 3308 adsis
386 3267 436 3317 par
453 3256 578 3306 ialblesse
596 3257 624 3306 et
645 3255 814 3308 irresolution
831 3269 883 3320 que
899 3271 949 3320 par
971 3257 1069 3309 dedein
1092 3257 1120 3306 et
1142 3253 1240 3317 mtpris
1258 3253 1402 3306 ntanmcirs

296 3358 326 3398 ce
344 3347 459 3410 procede
478 3349 589 3400 estnon
605 3349 690 3402 moins
708 3350 841 3402 blamable
859 3350 922 3416 qu’il
938 3351 998 3403 leur
1015 3362 1113 3414 pourre
1130 3347 1187 3400 ttre
1205 3349 1399 3411 dommageabie.

364 3439 401 3510 ³⁵)
419 3443 453 3494 ci.
470 3443 618 3496 Jeanninus
635 3445 668 3498 V.
686 3459 712 3508 p.
730 3450 789 3510 466,
810 3444 870 3496 ride
888 3445 958 3496 inira
975 3445 1028 3496 add
1046 3449 1087 3496 38.

362 3535 396 3598 ³⁶)
415 3537 560 3590 'tarditatis
578 3539 656 3600 culpa
671 3552 725 3590 non
746 3541 801 3589 tam
818 3539 846 3589 in
864 3539 1006 3590 electorem
1025 3549 1103 3601 quam
1125 3537 1152 3586 in
1169 3535 1328 3602 consiliarios,
1344 3536 1395 3599 qui-

295 3629 345 3681 bus
361 3631 422 3698 ille,
445 3645 525 3695 quum
546 3633 575 3682 in
592 3631 700 3683 Prussia
717 3634 879 3698 versaretur,
902 3645 970 3696 quae
992 3631 1027 3682 ad
1044 3631 1152 3691 negotia
1173 3629 1271 3681 Juliaca
1290 3630 1392 3692 pertine

296 3725 357 3772 rent
382 3725 600 3791 demandaverat,
631 3727 793 3776 conserenda
815 3738 873 3777 esse
895 3727 1008 3778 videtur.
1031 3725 1064 3775 ci.
1088 3723 1215 3786 Olaprcih
1236 3723 1277 3772 ier
1295 3722 1388 3783 Kdnigi

296 3815 467 3870 Prouisische
486 3819 675 3872 Geheimerath
697 3822 748 3871 etc.
771 3832 833 3882 pag.
852 3826 909 3871 112.
927 3821 1088 3882 Quibuscum
1105 3819 1226 3868 conferas
1245 3828 1302 3879 quae
1316 3817 1386 3867 Jean·

295 3909 373 3962 uinus
390 3911 455 3964 dicit
472 3911 544 3979 (pag.
562 3915 624 3978 411)
648 3913 780 3965 l’absence
803 3914 836 3963 de
854 3911 991 3964 i’eiecteur
1014 3911 1058 3974 qui
1082 3913 1123 3963 est
1139 3913 1242 3974 toujour
1260 3910 1384 3960 11111111

296 4005 325 4053 et
339 4004 367 4054 ie
383 4017 437 4068 peu
454 4008 488 4057 de
506 4005 598 4058 devoir
616 4006 705 4070 qu’ont
721 4007 771 4058 fait
789 4007 824 4060 les
840 4005 907 4058 11111
921 4007 1019 4068 jusque
1037 4004 1071 4055 ici
1088 4006 1148 4056 sont
1165 4017 1241 4056 cause
1256 4001 1307 4066 qu'ii
1320 4002 1382 4067 u'ya

297 4109 393 4150 encore
410 4101 496 4162 grand
513 4103 686 4152 avancement
703 4114 737 4152 en
755 4113 798 4152 ses
815 4099 922 4150 affaires
940 4099 978 4165 (d.
996 4105 1020 4150 9.
1038 4113 1072 4149 m.
1087 4095 1158 4164 jun.)

363 4194 400 4262 ³¹)
417 4197 452 4247 er.
469 4207 514 4258 rs·
532 4199 574 4246 44·
731 4181 738 4198 '

364 4286 401 4355 38)
419 4289 518 4343 Scribit
535 4288 594 4340 ille:
618 4287 727 4351 11111111
750 4301 799 4340 rex
815 4287 1039 4350 Brandenburgcs
1063 4299 1179 4351 „comme
1202 4285 1373 4352 1111118111

297 4381 463 4450 1111111111)
482 4396 512 4436 se
533 4383 697 4445 promettent
718 4381 816 4446 qu’eile
839 4379 889 4446 (Sa
910 4381 1036 4447 11111111)
1060 4381 1119 4431 iera
1139 4381 1198 4430 tant
1217 4393 1272 4442 pour
1287 4380 1372 4430 i'rnitii
