2982 5032
719 233 948 298 -126-

271 423 349 488 solis
380 422 456 492 suis¹
478 421 600 486 viribus
633 421 881 506 expugnandam
913 421 1036 488 duliam
1068 441 1103 486 se
1135 423 1300 504 suscipere
1327 443 1382 491 nou

270 553 378 620 posse.
414 531 556 598 Maxime
578 538 689 598 autem
709 531 745 597 id
759 553 816 598 eos
830 533 1014 613 oommovit‚
1037 537 1223 598 ut'moram
1243 532 1382 614 iacerent,

271 641 360 728 qnod
381 641 494 727 longas
516 643 803 728 Franoogallorum
825 641 1045 708 dubitationes
1065 642 1343 728 providebantm).

496 935 542 1002 Do
562 935 683 1004 militia
698 885 927 1004 *Possidentnm
946 936 1176 1020 soolornmqno.

497 1145 501 1154 .
559 1047 605 1114 llo
626 1047 863 1132 expugnatione
884 1045 990 1114 Juliae
1012 1049 1112 1117 urbis

337 1197 403 1264 Sed
424 1204 462 1262 nt
483 1197 617 1264 adrem
639 1198 801 1263 lulianam
822 1197 1004 1264 redeamus.
1047 1197 1222 1264 Mauritius
1245 1197 1384 1262 Auraious
1456 1229 1457 1276 g

273 1329 383 1378 mense
412 1307 499 1374 Julio
529 1307 618 1393 apud
646 1308 827 1376 Schenkum
861 1309 1032 1374 castellum
1063 1309 1255 1392 expeditum
1288 1307 1386 1372 babuit
1456 1303 1457 1390 ξ

274 1421 467 1501 exereitum,
489 1421 546 1504 qni
566 1426 641 1486 erat
655 1426 809 1504 quattuor
825 1421 949 1486 milium
964 1425 1092 1485 eentum
1106 1419 1384 1503 Franoogallorum,
1456 1407 1457 1464 Ϊ

274 1533 331 1620 qui
356 1529 550 1597 Chatilliono
580 1537 614 1596 et
641 1532 791 1598 Bethnno
817 1531 953 1598 ducibus
980 1552 1021 1596 ex
1048 1531 1136 1598 bello
1162 1530 1336 1615 Hispanico
1359 1529 1386 1591 in

270 1643 445 1731 prouinciis
466 1642 774 1726 permanserant¹⁰¹)
795 1649 829 1708 et
850 1648 1006 1725 quattuor
1025 1641 1150 1707 milium
1172 1643 1385 1707 Britannorum

274 1753 429 1819 Eduardo
444 1752 571 1838 Cecyllo
594 1754 676 1820 duee
698 1759 732 1819 et
752 1754 955 1838 propriorum
968 1753 1217 1818 Hollandorum.
1254 1751 1386 1816 Omnium

273 1846 389 1929 horum
410 1864 550 1928 militum
570 1863 703 1929 fuerunt
725 1865 908 1948 quindecim
928 1864 1062 1929 milium.
1101 1865 1281 1930 Praeterea
1301 1861 1386 1925 Erne-

275 1981 346 2042 stns
368 1997 389 2039 a
410 1973 588 2057 Mansfeld,
614 1976 671 2058 qui
693 1982 792 2040 antea
813 1975 873 2042 sub
895 1959 993 2058 signis
1015 1954 1171 2060 Leopoldi
1194 1974 1385 2048 militaverat,

275 2085 320 2151 sd
341 2085 530 2152 Mauritinm
551 2085 782 2170 transfugerat.

339 2195 545 2263 Possidentes
564 2195 785 2262 Christianum
805 2197 1037 2264 Anhaltenaem
1058 2197 1218 2264 militibus
1239 2193 1385 2282 praefece-

274 2313 363 2389 rant,
392 2343 434 2356 -
463 2309 610 2391 quamvis
645 2315 679 2372 et
708 2309 881 2373 Mauritius
915 2308 1025 2374 landio
1054 2315 1088 2374 et
1116 2310 1261 2375 Joannes
1294 2323 1384 2370 eomes

274 2417 452 2484 Nassorius
472 2417 644 2502 imperinm
666 2419 737 2502 ejus
757 2439 824 2484 uon
845 2419 1022 2502 probarent
1041 2425 1075 2484 et
1094 2418 1274 2485 Guilelmus
1294 2433 1383 2482 oomes

276 2528 476 2596 Solmsienus
497 2534 699 2613 speraverat,
721 2549 757 2594 se
778 2529 935 2596 militibus
956 2529 1157 2613 praefeotnm
1178 2529 1285 2611 irim).
1456 2608 1457 2629 χ

339 2641 510 2706 Exercitus
538 2647 648 2706 autem
670 2641 896 2707 Possidentum
922 2662 964 2704 m.
987 2641 1075 2725 Majo
1104 2640 1166 2706 fuit
1193 2660 1252 2708 sex
1278 2637 1384 2703 milium

275 2751 424 2838 peditum
446 2757 480 2815 et
501 2751 591 2816 mille
612 2735 1007 2834 treoentomm'equitum.
1050 2751 1122 2816 Duo
1144 2753 1236 2817 milia
1256 2749 1384 2836 peditum

276 2885 297 2929 a
324 2860 588 2945 Brundenburgis
616 2862 764 2945 exornati
791 2868 895 2927 erant.
938 2861 1059 2940 Quibus
1087 2844 1233 2946 praefinit
1258 2857 1383 2926 mustus.

276 2973 410 3041 Duobus
436 2972 567 3040 milibus
594 2993 616 3040 a
637 2972 816 3056 Neoburgis
844 2973 1009 3039 exornatis
1030 2973 1188 3040 Bilandus
1216 2970 1383 3059 praefectus

345 3285 397 3354 1⁰⁰)
413 3287 455 3336 De
468 3286 571 3336 ratione
583 3286 693 3349 politica
705 3289 807 3340 Mariae
818 3287 973 3340 Medieaeao
991 3290 1043 3340 boo
1059 3289 1117 3340 loeo
1135 3302 1188 3340 nou
1205 3303 1290 3352 agam.
1314 3282 1383 3337 Mul&

277 3381 447 3432 inveniuntur
463 3380 534 3442 apud
545 3381 669 3449 Boderie,
687 3381 849 3445 qui-legatus
860 3383 1078 3444 Franoogallions
1089 3383 1204 3434 Londini
1216 3385 1274 3436 mit
1299 3376 1381 3432 Omitto

277 3475 357 3527 etism
375 3475 535 3536 legationem
553 3477 588 3526 ab
606 3476 711 3527 Unione
729 3477 757 3525 in
774 3476 899 3537 angliam
915 3478 1032 3530 missam.

344 3568 394 3636 ποι)
417 3571 451 3622 ot.
469 3569 585 3622 Jeannin
602 3567 755 3622 Memoriam
772 3569 806 3623 v.
823 3585 849 3632 p.
862 3563 921 3637 ml,
934 3577 992 3624 sss.

344 3659 394 3730 ¹⁰⁹)
415 3663 458 3714 lix
474 3663 595 3725 Epistola
614 3663 770 3728 Hieronymi
791 3665 826 3714 de
842 3663 962 3716 Dieskav
983 3665 1017 3716 ad
1034 3665 1192 3719 anhaltinos
1215 3665 1284 3716 dats.
1315 3654 1379 3710 Amb

276 3757 345 3809 Aah.
372 3757 468 3809 Oomm
485 3757 648 3810 Solmsianus
665 3770 783 3808 sororem
795 3757 907 3810 loannis
925 3759 1047 3811 Nassovii
1065 3759 1092 3810 in
1108 3759 1300 3810 matrimonium
1315 3753 1379 3802 dux&

277 3853 327 3902 rat.
361 3851 431 3904 Grai
445 3851 573 3903 wilhelm
591 3865 642 3904 von
660 3850 747 3902 Sulmo
762 3851 813 3902 bat
830 3867 863 3904 xu
881 3853 1053 3914 wittenburg
1070 3855 1177 3920 geoagt,
1200 3865 1230 3904 er
1246 3849 1315 3904 wire
1329 3838 1378 3894 titel

277 3941 427 4012 aubieden,
447 3946 509 3997 dass
526 3959 556 3996 er
573 3946 648 3997 nieht
665 3945 808 4010 employirt
826 3947 943 3997 worden.
979 3947 1048 3998 Grai
1062 3947 1124 3998 Job.
1142 3961 1166 3999 v.
1184 3948 1285 4000 Nasson
1301 3941 1377 3992 000000

278 4039 430 4092 Sobwestor
447 4053 477 4090 er
493 4039 542 4090 bat
558 4039 593 4089 ist
610 4039 699 4089 'demit
720 4039 790 4090 auoh
812 4039 999 4106 unanffieden,
1022 4041 1083 4092 dass
1105 4041 1153 4092 das
1170 4037 1337 4093 Direotoriun
1351 4039 1377 4078 tn

277 4135 329 4186 den
346 4133 420 4185 nieht
437 4134 608 4198 gokommen,
626 4133 747 4184 weloben
765 4147 796 4184 er
812 4135 882 4185 habe
899 4135 1009 4200 wollen,
1030 4137 1127 4186 obenso
1145 4134 1180 4186 ist
1198 4137 1245 4186 der
1261 4119 1379 4186 Landgraf

277 4228 351 4279 nieht
367 4240 436 4288 ganz
455 4229 563 4278 eoutent
575 4227 665 4277 damit.
693 4227 776 4278 Addit
787 4227 933 4280 Diesosrus
944 4243 973 4280 se
985 4229 1142 4289 dignitatem
1154 4229 1293 4280 Anhaltino
1304 4221 1375 4272 aun

280 4321 454 4383 „auctoritate
470 4321 553 4382 Regia
571 4319 675 4372 Galliae
694 4321 870 4372 defendisset.
