2980 5040
570 286 830 352 -19-·

178 471 412 538 commissoriis
440 470 483 536 ad
506 471 614 536 aulam
636 473 773 538 reversis
800 474 977 557 imperator
1008 481 1078 540 tam
1107 453 1235 546 ordines

111 605 210 668 quam
232 581 420 649 Vhin'chum
443 582 485 648 ab
507 582 637 664 Dhaun,
666 585 722 667 qui
742 584 829 650 inter
849 591 961 668 partes
983 589 1235 670 protestantioas

107 695 233 778 primas
273 693 454 773 obtinebat,
495 699 528 758 et
559 687 736 760 laocbeam
774 695 936 762 ducissam
975 700 1093 764 severis
1129 701 1235 766 verbis

107 811 179 872 tam
202 806 377 888 vituperat,
399 825 496 887 quam
511 803 672 871 admonet.
709 804 807 890 Cujus
831 807 987 891 epistolae
1010 809 1053 874 ad
1074 810 1234 876 loannem

107 917 298 982 Palatinum
320 915 508 980 commissae
531 914 665 1001 sunt.²⁹)

176 1025 249 1092 Tali
269 1026 365 1108 igitur
386 1025 481 1090 modo
503 1027 588 1090 ratio
604 1027 811 1110 imperatoris
832 1029 967 1111 politica
982 1030 1079 1095 certis
1102 1029 1232 1114 quibus-

111 1137 191 1202 dam
200 1136 344 1202 terminis
354 1135 420 1201 fixa
433 1141 491 1216 est,
504 1141 679 1220 antequam
686 1138 930 1224 Brandenburgi
942 1141 985 1208 ad
996 1162 1065 1206 rem
1071 1140 1092 1206 J
1093 1141 1233 1206 uliacam
1273 1209 1275 1214 ,

110 1247 243 1332 propius
265 1245 473 1312 accedebant.

174 1357 279 1423 Maria
301 1357 462 1422 Eleonora
484 1358 579 1439 enim,
601 1380 700 1442 quum
724 1381 740 1423 e
763 1359 853 1426 Julia
874 1361 978 1426 redux
992 1363 1135 1428 Beroliui
1156 1361 1232 1426 inde

108 1491 130 1534 a
151 1469 250 1534 tertia
279 1489 321 1532 m.
344 1468 531 1534 Decembris
557 1468 758 1536 hebdomade
787 1479 986 1538 commorata
1014 1479 1077 1554 est,
1104 1473 1231 1540 Annam

106 1579 210 1644 filiam
229 1578 347 1644 loanni
367 1577 577 1662 Sigismundo,
597 1580 708 1663 juveni
730 1583 865 1664 egregio,
886 1582 1046 1651 Joachimi
1064 1582 1230 1664 Friderioi,

108 1690 306 1756 electoratus
333 1689 606 1774 Brandonburgici
632 1691 760 1756 heredis
795 1690 861 1758 filio
888 1694 1028 1758 maximo
1055 1697 1149 1774 natu,
1177 1692 1232 1758 do-

107 1800 299 1885 spondebat.

224 2057 466 2142 Brandeuburgi
488 2057 529 2124 ad
550 2075 616 2124 rem
638 2059 795 2126 Juliaoam
817 2059 978 2127 accedunt.
1023 2059 1105 2127 issa.

176 2191 287 2278 Neque
319 2193 464 2278 profecto
492 2191 735 2276 Brandenburgi
767 2199 800 2256 et
834 2194 1008 2300 praecipue
1041 2193 1227 2259 Joaohimus
1292 2165 1293 2168 Ἴ

107 2303 338 2385 Friderious³⁰l
366 2305 441 2369 inde
469 2304 511 2370 ab
545 2304 601 2369 illo
628 2309 773 2388 tempore
806 2324 875 2368 rem
901 2303 1062 2370 Juliaoam
1089 2305 1228 2388 neglige-

107 2414 197 2480 bant.
245 2415 412 2499 Quumque
440 2437 571 2481 recessu
598 2403 682 2480 anno
713 2416 792 2478 1591
823 2415 910 2480 facto
939 2416 1117 2500 imperator
1148 2415 1229 2481 nihil

106 2527 340 2609 prospexisset,
381 2533 418 2591 ut
447 2533 556 2592 terrae
589 2525 856 2607 defenderentur,
898 2545 1000 2610 eoque
1038 2533 1229 2609 proventum

110 2657 180 2700 esse
211 2637 455 2718 Brandenburgi
494 2637 726 2720 intelligerent,
762 2641 800 2700 ut
833 2643 942 2701 terrae
974 2637 1025 2700 vel
1056 2638 1228 2720 perderen-

108 2753 175 2827 tur,
210 2748 262 2812 vel
294 2747 336 2812 ab
376 2747 447 2812 aliis
480 2747 616 2812 dominis
648 2753 898 2830 occuparentur,
935 2747 997 2812 nisi
1031 2746 1229 2812 Interessen·

106 2863 157 2922 tes
192 2879 245 2922 res
280 2857 427 2940 publicas
460 2859 608 2924 ordinare
639 2858 819 2940 inciperent
851 2859 1052 2941 formamque
1090 2858 1138 2922 rei
1171 2879 1229 2942 pu-

105 2968 211 3034 blicae
233 2967 452 3048 restituerent,
475 2969 555 3033 alios
578 2970 822 3050 Interessentes,
845 2977 882 3034 ut
904 2989 976 3033 oum
998 2988 1032 3032 se
1055 2973 1089 3030 et
1110 2967 1229 3032 electo-

106 3079 196 3144 ribus
224 3098 284 3142 nec
312 3098 377 3142 non
402 3077 600 3162 principibus
627 3077 703 3142 fidei
733 3069 945 3160 evangelicae
963 3075 1101 3141 addictis
1128 3076 1228 3142 Fran-

108 3189 268 3254 cofmtum
305 3189 524 3268 convenirent,
560 3189 750 3254 invitabant.
808 3189 920 3272 Neque
956 3185 1227 3269 Brandenburgos

107 3306 218 3366 tamen
239 3300 321 3384 fugit
343 3299 457 3365 ardum
478 3320 558 3381 esse,
581 3299 816 3392 Interessentes
837 3298 968 3364 foedere
991 3296 1132 3380 quodam
1153 3317 1227 3362 oon·

105 3411 251 3495 jungere.
274 3411 363 3489 Quae
379 3433 464 3478 anno
482 3409 561 3474 1591
585 3411 670 3476 inter
692 3415 882 3474 conventum
898 3407 1226 3491 Duosseldorpensom

108 3709 359 3770 Duesseldorpensis
381 3722 440 3761 cum
458 3721 510 3759 non
531 3719 627 3770 magno
651 3720 697 3758 suo
720 3707 820 3758 honore
842 3705 920 3755 relati
943 3705 1010 3755 sunt
1047 3703 1098 3765 Qui
1115 3715 1163 3764 pro
1180 3703 1226 3754 ho·

108 3803 186 3865 spitio
204 3802 237 3852 iis
254 3803 379 3854 soluenda
396 3803 508 3854 inissent
525 3807 590 3854 3181
608 3795 705 3852 nares
723 3799 839 3860 expediti
862 3810 915 3848 non
937 3798 998 3848 snut
1020 3799 1065 3858 (ox
1087 3795 1225 3848 abeundo

109 3896 309 3957 Duesseldorpii
326 3897 416 3960 urbis).
640 3943 642 3946 .

176 3989 213 4058 ²⁹)
231 3990 337 4053 iisorpt.
351 3989 449 4052 Hdlog.
462 3992 507 4042 toi.
528 3995 669 4041 107-111.

176 4083 210 4149 ⁸⁰)
229 4087 297 4138 Nam
314 4083 445 4135 Joanuem
463 4083 607 4146 Georgium
624 4082 720 4133 rationi
738 4080 905 4142 imperatoris
922 4078 1047 4142 politicae
1070 4089 1147 4140 quam
1172 4076 1225 4126 stu·

111 4180 284 4232 diosissimum
307 4191 386 4242 quum
413 4177 446 4227 do
468 4177 618 4227 hereditate
644 4176 691 4226 iiia
713 4175 811 4238 quanta
833 4173 999 4224 exorirentur
1021 4171 1112 4232 jurgia
1137 4167 1224 4218 animo

111 4274 291 4340 praevidisset,
310 4272 389 4323 robus
406 4268 519 4328 Juliaeis
535 4281 588 4320 non
605 4270 745 4320 admodum
764 4269 860 4321 iuvisse
876 4278 961 4328 nuper
979 4262 1086 4315 edocuit
1102 4262 1225 4329 Droysen

112 4369 139 4418 in
156 4368 216 4418 hist.
234 4363 471 4425 Brandenouroiae
489 4363 597 4424 politica
615 4363 650 4414 Π.
670 4371 693 4414 1.
711 4376 738 4424 p.
757 4367 805 4414 tii
825 4362 927 4412 11611.

1021 4456 1056 4509 2⁸
