2980 5040
731 241 941 306 ..42-

283 427 488 510 admissuros,
510 429 570 496 nisi
591 430 681 514 prius
705 430 943 496 controversiae
966 431 1162 513 compositae
1184 431 1262 495 sint.
1300 429 1431 494 Hosti-

283 541 329 607 lio
351 547 458 608 autom
480 539 633 608 adversus
655 541 911 608 Praetendentes
933 563 998 606 non
1018 539 1210 622 induunt.²⁴)

348 651 481 718 Ordines
507 651 602 718 modo
624 652 826 720 Juliucenses
855 658 890 717 et
916 653 1100 718 Montenses
1128 652 1266 718 infestos
1299 673 1342 718 se
1366 674 1435 734 ge-

283 769 368 830 runt.
411 763 457 828 Ile
480 763 508 828 9.
530 784 571 828 m.
595 763 671 847 Apr.
694 764 938 848 Duesseldoqoii
960 763 1129 828 declarent
1144 783 1179 828 se
1201 764 1435 828 Interessen-

282 881 352 942 tum
378 881 523 940 nentrum
557 879 748 958 accepturos
781 896 852 942 esse
887 875 1052 942 dominum
1083 874 1225 957 nihilque
1262 896 1350 940 cum
1382 875 1435 940 iis

282 985 343 1052 sibi
365 985 432 1052 sore
458 986 586 1070 negotii.
1484 1022 1485 1057 ι

346 1097 524 1164 Memorato
546 1097 624 1162 mihi
649 1097 779 1180 dignum
794 1097 922 1164 videtur
936 1118 992 1163 sos
1006 1097 1160 1163 terminos
1175 1096 1314 1162 unionis
1336 1099 1428 1160 1595
1484 1158 1485 1213 1

283 1207 391 1274 new
421 1227 639 1274 conservasse:
678 1209 791 1274 eedem
818 1209 887 1274 fere
915 1209 1014 1274 verbu
1041 1213 1242 1292 repetuntur.
1268 1209 1313 1272 In
1343 1231 1424 1274 con·
1484 1234 1485 1249 ι

287 1323 417 1382 ventum
439 1317 584 1384 ordinum
608 1317 802 1386 Olivensium
819 1325 852 1384 et
867 1320 1103 1384 Merchicorum
1124 1319 1248 1400 legatos
1272 1320 1424 1384 mittum

281 1427 336 1512 ciui
365 1449 419 1494 eos
448 1427 658 1495 adhortentur
686 1437 723 1496 ut
757 1431 800 1497 ud
827 1431 977 1496 unionem
1008 1451 1042 1494 se
1069 1430 1243 1513 applicent.
1292 1431 1422 1514 Itaque

281 1557 366 1624 uiuae
388 1561 436 1606 ιιο.
462 1539 541 1606 1596
565 1542 607 1606 ed
628 1541 756 1608 irritum
779 1542 964 1608 ceciderant
990 1543 1108 1606 iterum
1138 1545 1334 1606 tentantur:
1373 1564 1422 1606 or-

282 1649 374 1718 dines
395 1651 513 1720 lulieci
535 1652 615 1718 nihil
638 1653 803 1737 antiquius
825 1653 964 1734 hebent,
993 1673 1091 1737 quum
1113 1657 1150 1718 ut
1172 1652 1255 1716 alios
1280 1653 1319 1716 in
1347 1675 1422 1717 sen-

282 1761 417 1828 tentium
440 1783 531 1829 susm
553 1763 741 1847 perducunt.
785 1764 924 1830 Mortem
947 1763 1038 1828 ducis
1060 1784 1169 1828 rerum
1192 1768 1327 1828 statum
1354 1786 1421 1829 non

282 1877 509 1938 commutasse:
545 1873 678 1940 foedere
714 1880 748 1940 et
780 1875 913 1940 uniones
948 1873 1184 1940 conservandas
1212 1874 1339 1959 essen)
1366 1897 1419 1940 ex-

282 1981 432 2050 clament.
469 2035 472 2044 .

347 2093 571 2162 Adhortentur
594 2115 658 2178 eos,
681 2101 719 2162 ut
740 2096 868 2162 unionis
885 2117 934 2163 ao.
949 2097 1030 2160 1596
1053 2095 1170 2176 factae,
1193 2117 1263 2178 qus
1277 2105 1410 2180 pactum

282 2207 384 2274 silut
409 2226 448 2272 ox
478 2207 750 2274 Interessentibus
778 2208 886 2273 nullus
913 2215 1019 2274 terras
1047 2211 1230 2290 occuparet,
1261 2210 1403 2274 reminis

281 2323 405 2384 cantur.

303 2499 315 2526 ⁴
348 2499 384 2572 24)
402 2505 442 2555 Ex
459 2503 554 2556 litteris
573 2503 730 2566 quibusdam
742 2503 873 2564 Leopoldi
885 2503 1035 2554 archiducis
1053 2517 1122 2568 quae
1141 2506 1245 2554 exstent
1266 2505 1298 2556 in
1316 2508 1409 2558 Rerun

280 2613 305 2650 x.
324 2613 348 2650 x.
367 2598 512 2650 Fasciculo.
549 2599 624 2660 Quae
643 2598 747 2662 quando
767 2599 882 2659 scriptae
906 2599 959 2649 sint
980 2597 1007 2646 in
1026 2611 1137 2648 excursu
1154 2599 1190 2648 11.
1209 2599 1393 2651 disseremus.

346 2689 383 2760 ὕ)
402 2695 433 2743 de
452 2693 581 2756 apparatu
600 2693 709 2742 militari
727 2695 761 2744 ab
779 2693 916 2744 ordinibus
934 2693 1024 2743 Julius
1046 2693 1181 2754 proposito
1199 2693 1273 2742 inira
1292 2707 1414 2756 agemus,

279 2788 307 2837 in
333 2789 460 2837 conventu
482 2787 708 2846 Dnsseldorpisno
732 2787 882 2836 declarant:
917 2788 976 2849 Bey
998 2787 1087 2836 Unser
1109 2787 1186 2850 Ayde
1209 2787 1345 2838 welchen
1370 2789 1415 2838 wir

282 2881 376 2930 hlomit
392 2880 439 2930 mit
456 2880 666 2941 uffgestreckten
678 2879 797 2940 Fingern
814 2879 946 2930 wtirklich
963 2879 1060 2930 leisten
1077 2881 1139 2931 dees
1156 2881 1206 2929 wir
1223 2883 1301 2930 unnd
1319 2895 1416 2933 numer

279 2974 381 3026 Keiner
398 2975 449 3026 den
466 2976 554 3026 Herrn
577 2973 773 3025 interessenten
796 2973 862 3024 oder
884 2975 983 3024 endere
1006 2974 1110 3024 welche
1133 2975 1240 3024 sonston
1262 2976 1308 3024 uff
1324 2977 1416 3026 diesse

279 3070 391 3120 Lendon
408 3071 596 3132 praetendiren
613 3070 738 3120 michten
755 3069 804 3118 mit
822 3069 928 3118 keinom
946 3069 1023 3132 Ayde
1045 3068 1114 3118 noch
1136 3067 1228 3128 pflicht
1252 3069 1323 3118 oder
1343 3073 1417 3120 sonst

280 3164 381 3224 einiges
399 3175 507 3222 wegens
530 3175 558 3212 so
581 3162 635 3212 viel
657 3163 744 3211 diesne
762 3162 851 3212 Landt
873 3161 965 3211 beriirt
981 3163 1016 3211 ad
1038 3163 1141 3222 purtem
1165 3162 1325 3211 verbunden
1350 3165 1417 3214 oder

280 3256 412 3315 uugethen
435 3255 501 3304 sein.
540 3254 648 3304 Wollen
676 3253 745 3303 auch
772 3255 883 3303 werend
912 3255 1013 3305 diesser
1039 3257 1128 3306 Unscr
1157 3255 1200 3304 die
1225 3253 1332 3306 Stdnde
1357 3269 1416 3308 ver·

281 3349 418 3409 samolung
435 3348 498 3399 Und
515 3347 660 3408 Handlung
683 3347 762 3397 einen
785 3348 850 3397 oder
867 3348 984 3398 Anderm
1007 3349 1076 3399 ohne
1097 3348 1247 3410 gemeinem
1265 3350 1416 3402 Beschluss

280 3443 320 3493 nit
341 3443 480 3504 anhangen
504 3444 558 3493 und
581 3456 650 3494 wass
667 3443 764 3494 Jedem
787 3443 958 3494 vorkommen
981 3442 1073 3493 wiirde
1097 3443 1157 3493 dass
1180 3442 1275 3492 diesen
1296 3444 1415 3495 Lenden

280 3538 427 3598 angelegen
446 3539 559 3608 solenes
581 3537 721 3598 Ingemein
748 3549 844 3587 unsere
868 3537 1064 3597 Versamblung
1095 3536 1260 3588 unverholen
1288 3539 1414 3590 eriiffncn

280 3633 335 3683 und
352 3633 512 3694 vorpringen
530 3632 599 3682 auch
617 3645 687 3682 wass
699 3633 779 3682 votirt
797 3631 851 3680 und
863 3631 1062 3691 berethsohlugt
1074 3631 1128 3681 still
1140 3631 1193 3680 und
1205 3631 1413 3694 verschwiegen

279 3728 371 3778 helien
391 3729 444 3778 und
465 3727 567 3777 Keiner
589 3726 730 3778 desselben
753 3725 947 3775 interessenten
969 3725 1035 3774 oder
1057 3725 1110 3774 den
1131 3723 1249 3790 Ihuigem
1268 3738 1327 3777 uun
1345 3727 1411 3780 oder

280 3822 475 3875 Hernachmels
493 3822 659 3872 offenbaren.
