2980 5040
566 343 771 408 ..35-

90 529 315 615 appellabant
337 529 419 594 adeo
441 530 527 596 inter
548 552 583 596 se
605 532 839 616 repugnabant,
861 538 898 598 ut
919 534 1059 616 regulae,
1082 534 1229 619 adquae

85 641 223 726 judicia
245 659 355 706 rerum
378 639 603 725 dirigerentur,
626 663 697 708 esse
720 663 783 708 non
805 645 981 728 possent1).

167 752 330 818 Saxonum
352 758 461 818 autem
481 753 571 837 jura,
599 774 682 837 quae
711 753 786 818 inde
817 775 856 818 ex
879 755 993 820 edictis
1016 776 1066 820 ao.
1091 755 1173 820 1483
1196 763 1230 822 et

97 864 186 930 1486
201 864 288 930 datis
311 862 523 945 deduxerrmt,
545 887 645 948 quum
667 871 700 930 et
714 865 788 932 unio
804 871 964 930 terrarum
981 871 1014 930 et
1028 867 1229 951 privilegium

91 974 337 1042 habilitatienis
360 997 381 1042 a
403 975 625 1042 Maximiliano
648 975 760 1042 datum
788 977 1041 1058 intercidissent,
1056 978 1228 1054 ,obsoleve-

96 1093 189 1152 rant.
231 1087 341 1171 Aeque
371 1087 566 1152 censendum
594 1093 644 1152 est
670 1087 710 1152 de
734 1087 863 1172 juribus
892 1109 975 1172 quae
1003 1087 1146 1156 Saxones
1178 1112 1227 1156 ao.

106 1198 189 1262 1527
217 1199 423 1264 matrimonio
453 1199 538 1264 inter
570 1199 728 1264 loannem
763 1199 961 1266 Fridericum
997 1206 1031 1266 et
1063 1199 1227 1286 Sibyllam,

101 1309 202 1376 filiam
224 1309 359 1376 Joannis
382 1309 482 1390 ducis,
502 1309 616 1394 juncto
640 1315 880 1378 contraxerant.

166 1421 275 1486 Primo
309 1421 393 1486 enim
423 1421 618 1506 imperator,
659 1443 758 1506 quum
790 1422 992 1488 Joachimum
1027 1423 1227 1490 Fridericnm

97 1533 340 1617 proscriptione·
359 1532 489 1598 sublata
510 1532 721 1613 restituisset,
746 1533 823 1615 jura
845 1535 1056 1600 successionis
1079 1534 1226 1604 Juliacae

97 1666 165 1708 non
188 1643 443 1710 confirmaverat.
488 1643 634 1708 Accessit
661 1644 749 1727 quod
774 1645 976 1728 privilegium
999 1644 1226 1714 Carolinuma

97 1755 306 1820 Ferdinando
329 1761 363 1820 et
384 1755 604 1820 Maximiliano
627 1755 877 1838 imperatoribus
899 1757 933 1822 in
948 1757 1151 1824 commodum
1165 1759 1226 1826 fili-

98 1889 193 1932 arum
224 1887 289 1932 non
310 1866 460 1948 loannis,
489 1867 540 1932 oui
571 1866 694 1952 Sibylla
720 1865 787 1932 filia
814 1867 888 1948 fuit,
918 1868 976 1934 sed
998 1867 1150 1936 Gurilelmi
1171 1871 1226 1938 IV.

101 1978 327 2044 confirmatum
355 1983 419 2058 est,
449 1978 497 2042 ita
526 1983 563 2042 ut
586 1979 641 2062 jus
669 1978 902 2044 hereditarium
929 2001 994 2046 non
1020 2002 1120 2065 penes
1141 1981 1226 2048 filias

103 2088 246 2170 Joannis,
269 2087 327 2153 sed
350 2087 502 2154 Guilelmi
525 2087 654 2172 essetb.

168 2199 310 2284 Denique
333 2204 532 2283 argumenta,
556 2199 671 2284 quibus
693 2205 832 2282 utraque
854 2200 940 2266 linea
958 2202 1013 2284 jus
1032 2223 1125 2266 suum
1141 2225 1225 2268 com-

99 2311 250 2393 probavit
275 2313 361 2376 inter
388 2333 422 2376 se
449 2309 682 2394 repugnabant.
725 2311 808 2376 Nam
837 2309 999 2378 Saxonum
1026 2313 1225 2380 Ernestinia-

98 2443 215 2488 norum
238 2422 392 2488 vindicias
420 2444 521 2490 vanas
548 2444 587 2490 ao
609 2421 716 2488 nullas
738 2421 847 2504 fuisse,
869 2423 933 2488 nisi
944 2424 998 2507 jus
1014 2426 1224 2492 successionis

95 2534 240 2600 feminae
267 2534 397 2600 fuisset:
428 2541 539 2600 contra
568 2534 731 2600 Saxonum
756 2535 997 2600 Albertiuorum
1019 2535 1139 2618 nullas,
1161 2539 1225 2602 nisi

98 2647 260 2712 successio
273 2645 465 2711 feminarum
486 2651 670 2728 negaretur,
694 2644 823 2710 edocuit
837 2644 983 2730 Droysen
997 2646 1038 2710 II.
1055 2647 1083 2711 2.
1105 2667 1136 2730 p.
1152 2647 1224 2713 568.

165 2758 281 2842 Itaque
303 2778 372 2822 rem
396 2757 535 2823 civitatis
548 2756 862 2838 Brandenburgicae,
886 2757 913 2820 si
929 2759 1112 2824 sanctitatis
1127 2758 1223 2824 modo

93 2869 269 2936 foederum
290 2869 375 2934 ratio
397 2868 551 2949 babetur,
575 2867 788 2951 justissimam
810 2867 925 2949 luisse,
952 2889 1144 2950 persuasum
1166 2868 1224 2934 ha-

91 2982 222 3047 bemus.
266 2980 419 3044 Attamen
441 3001 540 3062 quum
562 2978 636 3042 inde
660 3000 680 3042 a
702 2977 818 3041 Carolo
833 2978 870 3040 V.
903 2999 986 3061 quae
1008 2980 1222 3062 imperatores

91 3091 220 3176 partim
243 3089 370 3155 occulta
400 3095 433 3154 et
465 3089 559 3173 quasi
579 3087 738 3167 involuta,
767 3086 886 3170 partim
910 3088 1087 3169 contraria,
1111 3088 1150 3152 de
1173 3090 1220 3153 in-

92 3202 256 3268 vestitura
277 3201 406 3267 Juliaca
432 3200 612 3280 edixerunt,
648 3198 729 3263 nihil
756 3197 845 3264 aliud
867 3197 1047 3282 significare
1062 3198 1221 3282 videntur,

92 3335 199 3399 quam
221 3313 307 3397 quod
329 3318 455 3378 utrem
477 3313 511 3378 in
533 3333 627 3376 suum
654 3309 856 3376 commodum
884 3317 1121 3392 converterent,
1148 3333 1222 3394 pro-

92 3424 262 3505 viderunt,
289 3422 360 3488 lieri
381 3445 445 3490 non
467 3423 587 3506 potuit,
616 3421 693 3504 quin
714 3421 807 3502 longe
829 3419 913 3486 aliae
935 3422 1093 3501 rationes,
1124 3443 1221 3504 quam

90 3536 190 3622 juris,
213 3535 394 3620 quaestioni
416 3534 456 3600 de
479 3533 680 3598 successione
703 3537 961 3596 annecterentur.

167 3721 188 3786 ¹)
207 3721 309 3784 Quibus
327 3722 360 3772 de
378 3724 458 3774 rebus
475 3719 640 3772 consiliarios
661 3719 829 3781 imperatoris
851 3719 944 3768 eadem
968 3719 1100 3768 seusuisse
1123 3718 1221 3770 intelli-

96 3818 172 3880 gitur
190 3828 224 3868 ex
242 3816 360 3866 discursu
378 3815 603 3868 Stralendorflano
629 3818 651 3876 ξ.
669 3819 701 3866 48
729 3814 782 3875 (ed.
800 3814 941 3877 Droysen),
968 3825 997 3862 so
1015 3812 1050 3862 ist
1068 3813 1117 3864 das
1134 3813 1218 3863 Privi-

97 3912 199 3972 leginm
225 3909 369 3960 carolinum
391 3909 729 3969 11111111111111111
750 3907 829 3958 alteri
851 3906 999 3970 quaesitum
1021 3921 1055 3956 11
1076 3907 1219 3976 alarinen,

99 4004 283 4056 inconderheit
299 4004 362 4054 well
374 4005 510 4056 ammodo
526 4001 748 4064 interpretatione
761 4002 822 4052 dem
833 4001 954 4061 selbigen
971 4001 1043 4052 wohl
1061 4001 1105 4052 ein
1116 4000 1220 4052 soleher

99 4100 235 4154 Venetand
252 4097 362 4150 werdon
378 4098 459 4164 1111,
480 4111 509 4150 so
528 4098 588 4150 dem
605 4097 786 4148 Herkcmrnen
807 4097 862 4148 und
882 4095 984 4146 andorn
1002 4093 1152 4155 Ver-trigon
1174 4104 1219 4154 ge·

100 4193 171 4246 111111
188 4195 231 4246 ist

169 4285 190 4351 ἵ)
209 4289 303 4342 Nonne
316 4285 540 4338 Stmhlendorflus
558 4286 652 4336 cadem
669 4285 802 4347 signifieat
818 4298 898 4348 quum
921 4284 1000 4347 dicat,
1017 4283 1097 4336 immo
1114 4283 1219 4346 Kayser

102 4383 286 4435 Festinandum
307 4381 372 4432 habt
394 4381 461 4430 alles
482 4381 531 4430 aut
550 4380 604 4430 und
620 4379 787 4442 interpretirt
808 4379 869 4430 dass
891 4379 1031 4430 obscurum
1052 4375 1219 4438 privilegium

104 4479 258 4538 514147.
277 4483 318 4529 18.
337 4481 377 4528 69.
1013 4554 1048 4607 3·
