2982 5032
706 291 940 356 -122-

260 475 448 542 Joachimus
470 475 627 544 Emeetus
650 483 759 544 autem
782 479 838 564 qui
860 477 976 546 Unioui
998 479 1260 566 addictus-erat,
1283 507 1372 570 quum

261 587 382 653 bellum
408 589 443 654 in
463 587 590 654 Alsatia
611 587 645 653 iu
668 587 753 654 diem
777 589 889 670 erevit,
919 611 940 656 a
961 591 1161 676 principibus
1183 597 1374 680 evangelicis,
1479 605 1480 620 ¹

251 703 298 768 ‚ut
318 719 392 764 cum
422 699 522 782 copiis
547 699 619 765 ‚ems
648 719 665 766 e
687 701 826 768 Francia
847 708 1048 787 erumperet,
1076 709 1210 788 regatus
1237 713 1300 774 est:
1323 729 1377 773 ue-

260 829 323 894 que
346 808 402 876 diu
424 810 648 878 cunctabatur.

324 921 462 1004 Jamque
485 933 582 986 nemo
604 921 680 1004 fuit,
711 922 766 1008 qui
788 923 945 1006 impetum
967 925 1127 990 exercitus
1150 925 1297 993 Silesiaci
1317 949 1379 995 mo·

258 1031 327 1101 rari
347 1051 445 1115 posse
464 1032 643 1098 ridebatur.
687 1033 738 1098 Ex
760 1033 905 1118 epistolis
925 1034 1175 1102 Anhaltiuorum
1198 1043 1231 1103 et
1251 1038 1379 1105 loannis

259 1142 456 1226 Sigiemundi
478 1148 616 1210 exeunte
637 1163 682 1214 m.
695 1143 770 1210 Jun.
793 1149 827 1210 et
847 1145 978 1210 ineunte
994 1166 1035 1212 m.
1050 1145 1115 1212 Jul.
1138 1147 1379 1232 scriptismaui·

259 1253 466 1335 festumest,
489 1254 529 1320 iis
551 1254 692 1325 maxime
715 1253 828 1324 diebus
844 1257 968 1324 animos
983 1257 1126 1324 omnium
1141 1261 1380 1342 exspectatione

259 1364 337 1431 belli
358 1385 489 1448 pressos
512 1385 593 1430 esse.

323 1476 363 1542 D.
378 1475 429 1542 27.
451 1475 582 1542 mlum.
604 1475 772 1542 Anhaltini
794 1477 953 1559 scribunt,
975 1497 1187 1562 permagnum
1209 1500 1281 1546 esre
1303 1482 1384 1564 peri·

258 1586 385 1670 aulum,
399 1587 620 1670 'repentinum
648 1587 791 1656 hostium
821 1587 994 1654 adrentum
1021 1609 1125 1672 paene
1151 1590 1186 1654 in
1213 1599 1388 1676 conspeetu

259 1717 340 1763 esse.
384 1696 543 1763 Unionem
571 1697 666 1784 (quae
690 1704 772 1774 tuuc
793 1697 1012 1780 Heilbronuae
1044 1707 1237 1766 conventum
1258 1701 1387 1786 habuit)
1444 1715 1449 1720 '

258 1809 498 1893 provocandam
520 1829 600 1874 esee.
682 1859 687 1868 .

323 1919 454 1984 Elector
469 1917 621 1984 Coloniae
636 1919 679 1984 ad
695 1919 829 2002 Spream
846 1919 876 1984 d.
892 1919 942 1984 30.
958 1941 1000 1984 m.
1016 1919 1090 1986 Juu.
1105 1921 1265 2004 rescribit,
1289 1923 1391 1990 deum
1479 1953 1480 1972 κ

259 2051 277 2096 e
299 2030 427 2116 piaculo
444 2029 608 2098 orandum
630 2042 712 2112 esse,
735 2031 792 2114 qui
806 2031 894 2098 mala
910 2035 943 2096 et
958 2031 1178 2098 calamitatem
1195 2035 1391 2118 saepissime

258 2142 427 2226 apopulis
450 2127 689 2220 defenderitffl).
752 2151 754 2157 ’

322 2253 445 2318 Ducem
467 2252 632 2336 quendam
653 2252 730 2318 belli
749 2252 980 2322 uomina-ndum
1003 2273 1092 2334 esse,
1116 2253 1167 2320 cui
1189 2233 1393 2340 stipendium

256 2384 317 2450 pro
339 2385 430 2430 mora
452 2363 557 2428 detur.
601 2363 768 2430 Anhaltiui
789 2364 874 2430 viros
898 2363 1074 2448 quosdam,
1093 2365 1149 2449 qui
1170 2366 1236 2432 tale
1257 2367 1301 2432 ad
1316 2389 1393 2433 mn-

257 2496 318 2542 nus
341 2475 411 2558 apti
432 2475 510 2556 sint,
536 2479 728 2560 proponant.
772 2475 800 2538 E
829 2475 1028 2559 principibus
1056 2475 1192 2560 quisque
1221 2477 1344 2542 milites
1372 2500 1392 2543 e

256 2587 353 2654 terris
383 2587 582 2671 conscriptos
614 2589 722 2666 ornet,
755 2586 868 2670 populi
899 2583 1040 2653 universi
1072 2583 1116 2650 ad
1148 2583 1394 2654 defendendam

257 2698 491 2784 rempublicam
514 2697 760 2763 convocationes
782 2702 926 2782 repetat,
942 2692 1210 2781 idquej'maxime
1232 2704 1324 2782 agat,
1351 2705 1395 2764 ut

257 2831 376 2876 nemus
402 2813 517 2873 'rerum
551 2806 770 2890 gerendarum
799 2806 916 2891 (qualis
948 2807 1087 2891 pecunia
1120 2805 1171 2889 sit)
1194 2827 1257 2872 non
1290 2807 1393 2893 desit.

258 2919 350 3000 Quod
372 2923 482 2996 autem
503 2917 666 3006 principes
688 2923 874 2999 suaserant,
896 2922 933 2984 ut
953 2918 1017 3002 ipsi
1038 2911 1159 2984 milites
1175 2938 1249 2984 suos
1270 2919 1395 2984 statim

256 3033 290 3098 in
311 3031 492 3099 Marehiam
514 3029 686 3112 ducerent,
710 3029 832 3097 elector
853 3028 1129 3112 deprecatuseat.
1154 3029 1258 3094 ⁴Nam
1280 3029 1395 3096 ambi-

256 3141 411 3226 gebatur,
439 3161 580 3226 quanam
610 3160 650 3204 ex
671 3145 765 3224 parte
787 3141 928 3223 impetus
949 3139 1052 3204 fieret.
1096 3139 1205 3206 Metus
1234 3139 1328 3206 adest
1355 3147 1396 3206 et

255 3273 351 3333 cura,
373 3251 433 3316 sed
448 3265 621 3335 quamnam
642 3250 676 3314 iu
689 3255 818 3334 partem
827 3250 1036 3334 potissimum
1052 3249 1196 3316 defensio
1216 3249 1395 3333 dirigenda

257 3363 313 3444 sit,
335 3362 487 3428 nescitur.
531 3362 639 3428 Sensit
660 3351 783 3426 elector
803 3361 837 3426 iu
858 3353 982 3426 Unione
1004 3359 1128 3452 nullam
1149 3361 1200 3427 his
1223 3366 1311 3428 certe
1331 3383 1393 3428 re-

257 3473 404 3570 gionibus
426 3473 569 3541 futuram
592 3495 663 3540 esse
687 3456 880 3554 salutem⁹²).
956 3559 959 3562 Ι
1256 3457 1259 3460 ’
1323 3471 1328 3482 ’

257 3705 312 3756 und
328 3718 390 3756 num
407 3703 487 3757 Theil
505 3704 564 3756 dem
581 3705 753 3766 Margaraten
771 3701 949 3767 augentesen,
971 3702 1020 3754 das
1036 3701 1278 3764 humpengesindel
1296 3701 1392 3754 haben

258 3799 303 3852 die
320 3797 505 3850 Kaiserlichcn
523 3811 689 3860 genommen.
725 3819 747 3851 a
809 3835 814 3854 ,
902 3839 906 3846 .

325 3890 360 3956 91)
379 3891 497 3946 Joannes
509 3891 692 3954 Sigismuudus
705 3890 778 3958 dicit,
796 3891 824 3940 id
831 3903 864 3952 ‚se
876 3903 997 3941 censere:
1015 3889 1071 3940 Das
1088 3889 1152 3940 man
1167 3890 1279 3942 nebenst
1296 3888 1390 3946 ciuem

256 3985 428 4048 Buafertigeu
439 3985 532 4037 Lebeu
545 3984 771 4044 Sollerschalten
789 3984 843 4034 und
854 3983 1049 4048 Untertlrauen,
1066 3983 1115 4036 mit
1128 3983 1277 4040 maironem
1290 3981 1389 4034 christ-

257 4080 354 4134 lichen
370 4079 447 4130 Eiler
464 4079 505 4130 als
522 4079 607 4130 leider
622 4079 679 4130 hies
697 4079 781 4128 daher
797 4077 949 4139 geroheheu
966 4077 1132 4148 annuetelleu
1153 4076 1207 4126 uud
1224 4074 1331 4128 hinftiro
1352 4090 1390 4128 zu

258 4173 354 4226 ltihren
372 4173 437 4250 Gutt
458 4173 544 4225 bitteu
566 4173 631 4224 sollo
653 4173 693 4223 als
714 4171 832 4224 dadurclr
853 4171 965 4222 manche
982 4171 1188 4233 Laudesplassen
1211 4169 1266 4222 und
1284 4167 1389 4232 Stratie

258 4267 341 4320 litters
358 4267 545 4328 angowencet.
569 4291 571 4298 ⁴
755 4329 756 4334 η

326 4357 362 4429 ⁹²)
383 4362 417 4416 ot
435 4361 506 4415 iutra
520 4372 566 4426 pc.
578 4367 624 4414 127
644 4361 672 4412 et
690 4364 750 4412 124.
