2980 5040
577 239 788 306 ..13-

123 438 285 518 pacatam,
314 450 477 514 quumque
507 447 548 492 ne
577 433 655 494 tunc
685 427 814 512 quidem
847 427 951 513 plane·
965 427 1081 494 adduci
1102 433 1243 514 possent,

27 537 35 571 '³
124 551 163 610 ut
191 541 360 609 crederent
392 541 630 625 imperatorem,
661 560 745 623 quae
776 540 985 606 commissarii
1013 546 1145 624 agerent
1170 561 1243 623 pro-

125 656 218 736 bare,
241 654 271 719 d.
297 653 346 718 10.
368 652 448 718 Nou.
469 649 642 716 Rudolfum
664 651 784 716 iterum
805 657 843 717 ut
863 651 959 716 terris
981 651 1150 735 diligenter
1170 671 1243 736 pro·

124 767 274 852 spiraret,
296 763 458 846 salutique
481 761 664 836 consuleret
685 761 910 845 oraverunt¹⁶).

48 949 51 958 ,
188 875 333 953 Quorum
361 871 509 958 precibus
538 871 618 936 nihil
655 871 804 938 effectum
841 878 900 938 est.
951 873 1070 938 Temen
1098 871 1241 940 Joannes

124 987 246 1056 certior
268 1005 365 1068 quum
386 982 490 1048 factus
513 987 613 1063 esset,
644 984 879 1049 commissarios
900 1003 1061 1049 recessum
1082 983 1242 1067 quendam

30 1101 50 1164 ..J
126 1095 359 1179 composituros
388 1113 474 1174 esse,
505 1114 577 1174 eos,
606 1113 648 1158 ne
677 1095 737 1160 tali
764 1093 985 1160 incumberent
1014 1095 1116 1176 operi,
1146 1095 1241 1178 quale

35 1237 38 1276 1
127 1211 241 1271 contra
261 1204 311 1270 ias
334 1209 420 1270 esset
442 1210 476 1268 et
495 1205 558 1287 jus,
581 1204 784 1270 obsecrabat.
828 1204 934 1270 Sensit
951 1205 1034 1268 euim
1050 1203 1242 1269 Guilelmum

126 1315 250 1396 ducem,
273 1315 328 1398 qui
350 1336 390 1379 ao
415 1315 588 1397 15901pse
610 1316 853 1398 imperatorem,
881 1321 918 1380 ut
939 1316 973 1380 in
993 1315 1088 1381 rebus
1110 1315 1242 1382 Juliacis

23 1461 45 1504 p
125 1425 204 1492 ordo
226 1425 334 1506 fieret,
364 1425 584 1509 implorasset,
613 1424 648 1489 id
677 1424 807 1508 quidem
829 1426 863 1490 in
885 1427 991 1491 animo
1013 1425 1176 1507 habuisse,
1206 1433 1243 1492 ut

20 1607 22 1618 Ι
124 1537 181 1620 qui
209 1537 251 1602 ab
280 1536 476 1619 imperatore
513 1536 719 1600 mitterentur
751 1535 832 1600 nihil
861 1537 924 1601 nisi
954 1542 987 1601 et
1015 1536 1178 1602 ordinibus
1210 1543 1243 1602 et

20 1669 28 1720 ι
124 1646 321 1731 principibus
357 1648 545 1732 propinquis
581 1646 702 1712 auditis
738 1651 913 1712 tentarent.
970 1645 1111 1713 «loannes
1146 1647 1243 1730 igitur

124 1758 241 1841 legatis
264 1755 407 1840 scripsit,
435 1779 476 1822 ne
497 1777 661 1822 recessum
683 1757 734 1822 vel
756 1758 960 1841 conciperent
981 1757 1032 1822 vel
1053 1757 1242 1841 ederent¹²);

125 1869 181 1954 qui
208 1869 236 1933 si
262 1867 356 1932 fieret
387 1869 622 1934 commissarios
650 1874 742 1934 extre
763 1869 919 1934 terminos
941 1869 1165 1934 mandatorum
1186 1870 1244 1934 im-

6 2023 32 2070 ..-
126 1980 287 2062 peratoris
310 1999 497 2044 excessuros
519 1999 599 2044 esse.
643 1978 804 2064 Sperabat
819 1980 914 2060 enim,
937 1979 1005 2044 iore
1020 1986 1057 2044 ut
1070 1980 1245 2064 imperator

132 2110 215 2173 quae
251 2090 459 2155 commissarii
493 2095 606 2154 contra
640 2090 788 2155 ordinum
821 2090 1020 2156 voluntatem
1048 2089 1088 2156 de
1117 2111 1245 2155 recessu

130 2205 239 2265 mente
262 2200 435 2282 agitabant,
458 2200 656 2283 repudiaret.
700 2202 881 2278 Quaerere
903 2201 997 2282 longe
1019 2200 1084 2266 alia
1105 2200 1244 2266 fueruat

192 2310 230 2375 D.
253 2311 336 2376 enim
360 2312 409 2375 27.
433 2309 554 2390 Nov.¹⁸)
582 2317 757 2394 antequam
783 2331 930 2376 recessus
957 2310 1062 2377 iactus
1089 2317 1173 2376 esset
1202 2309 1245 2376 ad

125 2420 324 2487 lacobaeam
352 2422 522 2506 epistolam
553 2422 644 2488 dedit
664 2421 855 2506 imperator,
883 2422 934 2486 eui
955 2421 1143 2506 inscriptum
1164 2426 1244 2501 erat,

126 2551 273 2614 sperasse
302 2533 531 2614 imperatorem
553 2533 729 2617 principes,
765 2532 903 2612 ordines,
930 2532 1144 2612 consiliarios,
1173 2551 1245 2596 cum

128 2643 354 2708 commissariis
376 2663 428 2708 res
451 2643 625 2708 collaturos
647 2663 728 2708 esse.

194 2921 228 2985 1⁶)
247 2924 332 2985 Quam
351 2925 489 2985 epistolam
507 2925 653 2975 invenimus
670 2926 698 2974 in
716 2926 773 2975 cod.
791 2926 915 2986 Macrpte.
933 2925 1062 2986 Hdlbrge.
1081 2923 1245 2984 Subscripse·

127 3018 189 3066 runt
211 3028 270 3066 eam
293 3016 412 3067 loannes
435 3016 572 3065 Palatinus
601 3019 628 3064 et
649 3017 735 3066 Maria
757 3017 898 3066 Eleonora.
938 3017 1076 3078 Philippus
1098 3017 1246 3067 Ludovicus

125 3109 184 3160 sine
203 3110 283 3160 dnbio
301 3107 510 3169 Duesseldorpio
527 3109 688 3158 decesserat.
708 3109 762 3160 Ubi
780 3120 839 3158 eam
857 3111 938 3160 antea
955 3109 1072 3160 adraim
1095 3120 1128 3159 ex
1151 3109 1246 3159 litteris

125 3203 248 3254 ordinum
265 3205 291 3254 d.
310 3211 351 3255 at.
378 3217 413 3253 m.
431 3203 498 3253 Nou.
522 3202 592 3254 datis
615 3202 781 3266 intelligitur.
818 3201 1036 3266 Subscripsernnt
1057 3215 1106 3264 pro
1124 3203 1245 3265 Philippo

125 3297 245 3348 loannes
264 3297 365 3359 caspar
382 3275 453 3347 Rbth
470 3299 505 3348 ab
523 3296 759 3362 Schreckenstein‚
777 3297 875 3348 Tobiae
893 3299 987 3364 Zorer,
1010 3297 1120 3349 Alexins
1137 3299 1245 3365 Morold,

127 3392 266 3442 Doctores.
301 3391 431 3442 Memoria
448 3393 538 3440 autem
556 3390 664 3452 dignum
682 3393 731 3456 est,
750 3392 819 3454 quod
837 3393 871 3441 ab
884 3392 1000 3443 electore
1012 3391 1245 3454 Brandenbursicc

127 3487 156 3536 et
172 3487 207 3536 ab
224 3485 445 3538 administratore
463 3484 687 3548 magdeburgensi
704 3485 847 3536 adfuerunt
863 3485 955 3551 legati,
982 3486 1074 3547 quales
1089 3486 1246 3538 Eustachius

127 3580 161 3630 de
180 3579 319 3646 Schliben,
339 3579 510 3630 Sebastianus
528 3578 637 3645 iiiiller,
655 3578 773 3630 Joannes
790 3579 895 3630 Junker
913 3579 1050 3644 Doctores,
1074 3579 1191 3630 Joannes
1212 3580 1246 3630 de

127 3674 238 3750 beben,
257 3675 374 3735 (Mscrpt.
391 3673 473 3724 Hdlb.
492 3672 537 3723 iol.
556 3673 674 3739 te—de.)
693 3685 726 3722 ao
749 3673 819 3724 enim
839 3679 903 3726 icat
922 3673 1046 3724 *loannes
1069 3673 1198 3734 Georgius
1219 3674 1247 3722 et

126 3767 281 3818 Joachirnus
306 3770 383 3829 pater
408 3769 438 3818 ut
462 3767 581 3818 loannes
607 3765 790 3828 Sigismundus
815 3767 919 3818 Annam
936 3767 1117 3832 chssicam,
1143 3767 1244 3827 itariae

127 3861 277 3912 aleonorae
299 3861 394 3928 tilam,
419 3862 484 3912 natu
506 3861 646 3912 maximam
669 3861 721 3912 sibi
742 3861 920 3924 desponderet
943 3863 1062 3924 egemut.
1097 3861 1182 3914 Filius
1205 3874 1245 3913 ao.

128 3960 204 4008 1691.
221 3954 425 4016 Regiomontom
441 3957 536 4006 missus
554 3957 621 4006 erat.

195 4047 230 4112 ¹⁷)
247 4048 299 4100 Die
317 4049 406 4098 Herm
423 4048 577 4100 Gemndten
600 4049 698 4100 wellen
715 4049 810 4100 hiemit
825 4050 949 4112 sewernt
970 4049 1028 4102 sein
1050 4050 1107 4101 sich
1128 4063 1162 4100 sn
1179 4021 1245 4102 Ocn-

128 4141 261 4207 cipirung,
291 4142 412 4203 Ediruns
439 4143 502 4194 Uud
523 4143 741 4204 Uberlieffernnu
770 4143 844 4194 eines
865 4143 965 4194 Recsss
993 4143 1033 4192 nit
1062 4143 1244 4194 sunerdeffen

128 4237 235 4300 morat
253 4237 383 4300 Hdlboeae.
401 4235 447 4288 iol.
466 4232 507 4288 67.
1005 4251 1008 4260 ·

197 4329 230 4394 1⁸)
248 4331 355 4392 liscrpt
374 4330 420 4382 iol.
440 4334 582 4392 iti-ilo.
