2980 5040
760 186 970 249 -oom

303 377 394 464 prius
415 395 488 440 cum
514 373 678 438 ordinibus
704 395 773 438 rem
800 373 938 438 feliciter
965 394 1060 458 agere
1087 394 1172 437 non
1208 391 1342 456 posse,
1379 393 1447 458 quen

304 486 465 572 principes
486 483 684 550 reconciliati
706 490 823 550 essent

368 597 489 684 Atque,
517 596 544 661 si
572 616 655 682 quae
678 595 720 662 ab
748 595 895 662 omnibus
916 595 1066 679 pertibus
1087 595 1344 679 gerebantur,
1372 593 1444 658 cond·

306 707 418 792 denes,
447 712 602 792 apparet,
638 727 708 772 rem
735 707 1010 774 Praetendentum
1045 706 1240 791 perditam
1274 705 1383 770 fuisse
1406 703 1445 766 nisi

306 819 420 885 foedus
441 817 565 884 factum
587 824 683 884 esset.

364 930 499 997 Ordines
517 929 573 1014 qui
583 967 624 976 —
637 934 674 996 ut
687 950 786 1014 supra
796 929 918 998 dictum
928 936 1028 998 est—
1037 927 1080 996 ab
1090 926 1263 994 Ernesto
1276 925 1440 993 marchione

305 1041 479 1126 petierant,
515 1042 612 1106 utin
638 1039 708 1106 loco
735 1041 792 1126 qui
817 1041 964 1108 neutrius
993 1041 1097 1124 partis
1126 1045 1256 1122 esset,
1290 1036 1438 1112 resideret

305 1151 529 1236 wolfgangum
551 1150 754 1232 Guilelmum
776 1172 873 1236 quem
895 1151 1197 1234 aDuesseldorpio
1226 1148 1433 1222 excluderent

306 1269 343 1327 ut
364 1285 436 1328 cum
458 1263 597 1326 Ernesto
621 1263 813 1344 conveniret,
835 1268 1036 1347 rogaverant.
1044 1261 1081 1344 ⁴⁸)
1108 1262 1260 1327 Deinde
1286 1258 1433 1326 Palatinus

269 1379 272 1387 '
306 1371 341 1438 id
362 1373 501 1438 maxime
525 1379 648 1456 egeret,
674 1379 711 1438 ut
738 1373 887 1440 ordinum
916 1374 1156 1457 provinciarum
1192 1374 1355 1438 omnium
1380 1387 1427 1432 eon·

308 1490 421 1550 ventus
443 1479 545 1548 fieret.
577 1483 676 1569 Cujus
692 1505 824 1570 operam
845 1505 948 1569 usque
970 1486 1004 1550 iu
1019 1485 1105 1550 diem
1121 1491 1225 1550 certe
1245 1485 1303 1548 22.
1320 1503 1362 1546 m.
1375 1480 1425 1561 Ape

306 1596 432 1660 irritam
454 1595 607 1660 cecidisse
631 1615 670 1660 ex
691 1596 810 1662 litteris
832 1595 933 1680 ipsius
957 1597 1170 1679 cognoscitur.
1178 1595 1223 1680 ⁴⁹)

369 1705 475 1806 duliae
504 1712 614 1772 autem
629 1733 630 1738 ¹
648 1712 746 1792 etque
778 1707 937 1772 Montium
969 1714 1002 1775 et
1031 1707 1284 1788 Ravensbergii
1323 1700 1421 1768 ordire

307 1817 476 1882 Dinsleeas
505 1817 535 1882 d.
564 1817 613 1880 25.
636 1838 678 1882 m.
699 1819 776 1902 Apr.
805 1824 1027 1886 convenerant.
1076 1818 1227 1884 Nuntios
1265 1815 1353 1882 enim
1375 1815 1421 1872 tem
1455 1891 1456 1902 1

308 1925 349 1992 ab
381 1928 578 2012 imperatore
611 1949 708 2012 quam
741 1929 783 1994 ab
818 1913 956 1996 Henrico
978 1930 1033 1996 IV.
1068 1935 1102 1995 et
1134 1927 1324 1996 Hollandis
1345 1957 1377 1969 -
1393 1921 1414 1980 e

307 2059 405 2122 supra
440 2039 561 2106 dictum
596 2045 645 2105 est
673 2075 714 2086 -—
743 2048 952 2126 acceperant:
992 2047 1030 2108 ut
1061 2042 1147 2107 inter
1173 2035 1411 2107 Praetendente
1455 2029 1456 2088 t

305 2149 419 2218 mediis
442 2157 567 2218 sterent
589 2151 746 2234 consiliis,
774 2174 853 2219 neve
880 2153 1015 2220 alterius
1042 2153 1202 2237 principis
1227 2148 1403 2236 partiente
1457 2159 1458 2170 ¹

307 2262 530 2346 adjungerent.
585 2263 873 2330 Adhortationibus
907 2265 1004 2330 credo
1037 2265 1252 2347 imperatoris
1291 2267 1327 2327 et
1352 2250 1397 2333 ep
1441 2287 1443 2306 ³

307 2374 457 2438 commoti
485 2374 609 2458 equites
632 2373 739 2438 Juliae
768 2380 801 2438 et
828 2375 986 2440 Montium
1016 2374 1086 2440 sine
1114 2374 1261 2440 aliorum
1290 2369 1397 2438 ordnu

307 2483 450 2550 consiliis
479 2506 539 2570 per
572 2506 606 2550 se
644 2484 704 2550 soli
742 2484 861 2550 milites
902 2485 1079 2552 conducere
1126 2487 1346 2552 decreverunt
1369 2469 1400 2557 Ψ

285 2589 340 2661 ‘'et
367 2596 654 2682 Duesseldorpium
685 2602 719 2662 et
745 2617 837 2662 arces
869 2596 1026 2682 sedesque
1058 2597 1292 2681 praefecturae
1325 2585 1402 2656 deses·

306 2706 473 2794 derent.⁵⁰)

370 2819 514 2898 Quorum
532 2819 695 2902 negotium
712 2841 750 2886 eo
765 2819 835 2903 jam
849 2839 1053 2903 progressum
1069 2825 1149 2902 eret,
1171 2826 1210 2886 ut
1226 2813 1403 2887 centenno

307 2929 561 3014 designarentur.
607 2931 790 3000 Obstabent
812 2937 922 2998 eutem
943 2936 1011 2999 tam
1033 2931 1146 3013 urbes,
1170 2953 1257 3017 quae
1280 2912 1401 2995 Dnessel·

307 3043 421 3130 dorpio
445 3044 525 3109 duee
549 3044 579 3109 d.
598 3043 648 3108 28.
664 3067 705 3110 m.
720 3044 797 3128 Apr.
822 3049 855 3108 et
875 3044 905 3110 d.
927 3045 955 3108 2.
971 3065 1012 3110 m.
1035 3043 1124 3126 Maji.
1147 3049 1223 3109 ente
1250 3032 1401 3125 „noenum

307 3162 339 3218 et
360 3157 481 3219 testes“
502 3155 640 3218 decretis
656 3157 801 3237 equitum
816 3155 1048 3219 Juliaeensium
1062 3154 1097 3218 M
1098 3156 1340 3237 onteusiumque
1358 3139 1401 3206 tiit

306 3263 564 3329 intercedebant:
593 3285 689 3348 quam
712 3265 869 3330 Erneetus
891 3265 1050 3348 marchio,
1080 3265 1135 3349 qui
1158 3265 1187 3330 d.
1213 3267 1262 3331 18.
1283 3285 1322 3328 m.
1341 3244 1401 3330 Msstf

308 3373 468 3442 Guilelmo
502 3377 610 3442 comiti
637 3376 831 3458 Solmsiano‚
869 3377 920 3442 cui
947 3376 1183 3460 Muenzenberg
1207 3373 1353 3461 parebat,
1376 3360 1402 3424 ut

308 3567 510 3576 -—-——-...-

373 3709 408 3775 48)
426 3711 542 3764 Jeanntn
560 3713 592 3764 V.
611 3727 636 3776 p.
656 3713 766 3772 treet.
784 3725 846 3776 pag.
865 3718 907 3765 41.

374 3803 409 3868 ⁴⁹)
427 3807 514 3856 Datee
533 3809 600 3856 sunt.
619 3807 771 3858 Benradiae
789 3809 814 3858 d.
835 3809 917 3874 latae.
936 3823 970 3860 m.
988 3808 1052 3869 Apr.
1071 3810 1178 3872 uterne
1196 3806 1285 3862 Berel.

374 3899 408 3962 ⁵⁰)
426 3901 468 3950 Ex
485 3901 615 3950 relatione
634 3902 748 3963 quadam
766 3903 915 3962 legatorum
932 3901 1123 3952 Juliacensium
1141 3903 1186 3965 qui
1203 3904 1238 3954 ad
1256 3879 1394 3954 ordineffli·

305 4006 400 4046 nenses
417 3995 490 4045 messi
508 3996 580 4045 sunt:
598 4007 661 4045 man
678 3997 723 4057 (se.
742 3997 849 4046 cruces
866 3997 973 4060 iuliae)
992 3998 1062 4048 naso
1075 3997 1132 4048 nnn
1143 3997 1295 4060 versiones
1311 3976 1396 4042 pene

304 4088 384 4150 tigste
403 4090 559 4149 Vestungen
577 4089 714 4140 Schl'c'sser
731 4091 785 4140 und
803 4089 896 4142 estote
914 4091 962 4140 mit
980 4090 1107 4142 soldaten
1125 4093 1175 4142 auf
1190 4092 1238 4142 der
1255 4076 1392 4144 LandeVffi'

305 4182 396 4234 sehuss
414 4199 447 4235 zu
465 4184 604 4250 essetnec,
630 4181 712 4234 demit
729 4185 877 4245 dieselbige
899 4200 950 4236 eoa
967 4185 1047 4238 aean
1064 4185 1127 4240 oder
1144 4185 1244 4238 cedern
1261 4182 1327 4236 nicht
1339 4179 1393 4225 ⁰0⁶¹t

299 4273 361 4344 ps'rt
375 4279 491 4329 werden.
510 4277 568 4328 cod.
587 4279 693 4340 Mscrpt
712 4280 803 4330 Berol.
