2982 5032
564 311 778 374 ..75-

104 505 223 566 verant
245 499 275 564 d.
298 499 348 564 11.
372 520 413 564 m.
437 499 500 565 Jul.
525 499 640 566 Carolo
669 491 874 582 Burgavensi'
897 483 1026 566 litteras
1050 499 1230 582 dederunt,

102 617 141 678 ut
157 611 410 695 quamprimum
425 611 608 696 exemplum
623 610 834 694 aBipontinis
850 610 963 676 datum
978 607 1230 702 sequeretur.¹²⁶l

103 723 284 788 Praeterea
306 721 473 787 decretum
496 727 554 803 est,
577 729 614 787 ut
637 727 670 788 et
691 721 888 805 Bongarsius
911 727 958 799 et,
982 721 1009 786 si
1032 723 1111 806 opus
1134 727 1231 803 esset,

101 831 280 898 Mauritius
301 831 413 898 landic
427 817 587 898 loannem
607 831 846 916 sigismundum
869 831 1098 914 visitarenffl‘)
1146 831 1231 898 Nam
1252 891 1256 899 ,

103 949 138 1008 et
162 943 335 1010 Mauritius
359 949 392 1008 et
406 943 650 1009 Fr‘idericus'eo
671 945 740 1028 jam
762 949 908 1027 tempore
930 963 1135 1026 summopere
1158 963 1232 1027 pro-

101 1053 277 1136 videbant,
314 1075 354 1120 ne
392 1075 475 1138 quae
511 1045 720 1121 Trutm'oniae
747 1053 933 1121 'constituta
966 1060 1088 1135 essent,
1121 1059 1158 1118 ut
1192 1075 1232 1118 ex

102 1165 256 1232 domibus
289 1164 616 1249 Braudenburgorum
652 1172 695 1258 et¹
715 1165 975 1248 Neoburgorum,
1011 1165 1076 1230 utri
1108 1163 1232 1247 majore

103 1297 180 1341 eum
199 1277 273 1361 jure
296 1275 548 1361 adjudicandum
571 1255 657 1342 esset
671 1275 852 1361 imperium,
876 1277 992 1342 arbitri
1012 1275 1232 1356 decernerent,

101 1387 232 1472 longius
254 1385 502 1471 prolaberentur.
551 1385 723 1453 Mauritius
745 1389 844 1470 igitur
866 1387 896 1453 d.
922 1391 970 1453 11.
993 1409 1035 1452 m.
1057 1386 1136 1452 duh:
1159 1403 1233 1468 pro·
1258 1385 1259 1388 ’

102 1504 281 1584 posuerat,
302 1504 339 1564 ut
366 1503 400 1564 et
420 1497 662 1582 Rancogalliae'
702 1499 892 1565 Britanniae
920 1497 1045 1564 Daniae
1072 1517 1166 1582 reges
1189 1498 1234 1562 'et

106 1609 222 1677 Status
245 1609 466 1676 confoederati
487 1609 712 1694 'principesque
735 1597 1086 1706 Wuertembergansis,
1110 1609 1234 1692 Arispa-

106 1721 247 1804 ohensis,
270 1719 543 1804 Culmbachensis,
566 1721 724 1788 Badensis
740 1719 855 1788 arbitri
870 1722 1124 1802 nominarentur,
1147 1719 1234 1785 Hen-

103 1833 194 1899 ricus
220 1839 329 1900 autem
351 1853 409 1898 rex
422 1839 593 1916 rogaretur
614 1833 656 1914 (si
672 1833 804 1899 electori
819 1830 968 1899 Palatino
983 1829 1233 1916 placuisseuffl)

105 1949 147 2010 ut
169 1949 202 2010 et
224 1943 343 2028 locum,
372 1961 438 2030 quo*
463 1945 629 2010 veniretur
655 1951 689 2009 et
714 1951 844 2029 tempus
872 1943 1067 2025 destinaret,
1096 1943 1234 2027 denique

107 2055 173 2120 toti
193 2057 243 2120 rei
264 2062 442 2140 praeesset.
487 2055 590 2121 Credo
620 2055 710 2120 nulla
739 2055 805 2120 alia
828 2077 868 2120 ex
890 2076 926 2120 re
948 2055 1076 2138 planius
1097 2054 1236 2137 intelligi

106 2187 215 2251 posse,
237 2167 325 2250 apud
345 2167 506 2251 principes
529 2166 736 2231 Germanicos
758 2166 890 2230 Henrici
915 2165 969 2230 IV.
993 2170 1115 2248 quanta
1137 2164 1237 2230 fucrit

107 2277 262 2342 fiducia·
296 2277 403 2362 Atque
432 2299 468 2344 re
481 2295 576 2344 “vera
611 2277 770 2342 Hem-icus
799 2297 863 2341 non
888 2275 989 2340 modo
1018 2275 1058 2339 de
1084 2277 1234 2359 pactione

107 2389 341 2454 Trutmcniana
377 2373 499 2472 optime¹
533 2389 668 2454 meritus
705 2393 790 2469 erat,
836 2386 894 2452 scd
926 2387 1026 2456 etiam
1040 2371 1043 2377 ¹
1057 2405 1134 2452 rem‘
1163 2397 1235 2450 cum

108 2499 293 2584 Bipontinis
322 2499 481 2582 agendam
520 2503 553 2565 et
591 2497 851 2565 adhortationem
878 2497 1011 2564 Joannis
1041 2496 1236 2581 sigismundi

108 2611 228 2696 legatis
252 2609 318 2676 suis
341 2610 557 2687 demandavit.

197 2723 312 2806 Itaque
334 2722 540 2806 Bougarsius,
564 2721 620 2806 qui
643 2719 777 2788 electori
797 2719 1025 2804 persuaderet,
1047 2739 1088 2784 ne
1110 2718 1236 2802 Unicus

110 2833 395 2918 evangelicaultra
416 2853 451 2898 se
473 2832 662 2913 abstineret,
676 2831 863 2899 Berolinum
878 2831 994 2896 missus
1010 2836 1070 2896 est.
1100 2829 1237 2913 Insuper

108 2945 301 3014 mandatum
324 2950 384 3026 est,
406 2950 443 3010 ut
465 2949 499 3009 et
519 2945 589 3028 ipse
605 2963 689 3027 quae
705 2943 867 3026 principes
882 2941 1119 3024 Heidelbergae
1133 2947 1237 3024 nuper

110 3057 255 3142 egissent
286 3075 434 3140 quaeque
468 3054 583 3120 arbitri
620 3053 660 3118 de
695 3073 795 3118 causa
829 3053 915 3117 iuter
948 3047 1236 3136 Brandenburgum

109 3165 381 3254 Neoburgumque
404 3163 611 3252 dijudicanda
635 3163 824 3258 cogitarent,
848 3161 981 3229 electori
1002 3161 1177 3246 nuntiaret,
1194 3167 1237 3246 et,

135 3457 150 3505 ,⁴
182 3453 229 3523 12⁵)
249 3457 282 3507 D.
302 3463 342 3510 16.
360 3471 395 3508 m.
407 3455 461 3509 Jul.
475 3457 592 3508 Joannes
609 3454 768 3516 Bipontinus
786 3451 990 3530 epistolam'dat
1007 3453 1042 3506 ad
1059 3441 1237 3506 marchionem

111 3527 318 3615 Burgaverisem.
337 3551 403 3603 cod.
421 3551 528 3612 Mscrpt.
546 3549 635 3601 Bercl.
653 3549 699 3600 fol.
719 3552 776 3600 852.

181 3643 231 3714 126)
250 3646 315 3697 Cod.
333 3645 442 3706 Mscrpt.
460 3645 549 3696 Berol.
568 3627 613 3694 lol.
634 3649 691 3695 853.
1242 3690 1253 3698 ,

135 3723 138 3730 ’
181 3737 230 3808 12⁷)
247 3737 289 3790 Ei
307 3739 420 3801 epistola
437 3735 555 3789 Mauritii
572 3738 704 3788 landionis
723 3737 757 3787 ad
769 3735 934 3790 Fridericum
953 3736 1095 3788 electorem
1113 3737 1238 3788 d.11.m.

110 3836 167 3887 Jul.
196 3835 320 3886 Casselae
353 3811 460 3894 scripta
491 3831 598 3894 Mscrpt.
626 3831 727 3884 Barch:
769 3832 955 3894 ,Belanaence
986 3831 1034 3881 das
1060 3831 1238 3882 Directorium

112 3929 206 3982 wiirde
230 3930 261 3979 n.
279 3929 408 3992 hnioht
430 3928 548 3978 zuwider
569 3927 639 3992 sein,
667 3927 781 4002 scudem
802 3926 889 3978 sclchs
911 3926 1000 3986 Kdnig
1018 3927 1061 3976 W.
1085 3940 1118 3976 au
1136 3925 1239 3976 Frank-

112 4017 188 4076 reich
206 4037 234 4074 so
251 4021 304 4074 acl
319 4039 366 4074 aaa
382 4039 417 4073 aa
434 4019 573 4084 artreitea,
591 4022 751 4080 benenuung
768 4021 840 4081 Tage
857 4021 911 4070 und
929 4017 1005 4086 Orts,
1024 4020 1077 4071 alss
1094 4021 1163 4070 auch
1181 4018 1239 4068 frih-

113 4131 182 4180 rung
201 4117 248 4169 der
265 4119 381 4180 gantzen
398 4100 535 4176 handlung
552 4113 833 4166 freundtnachbarlich
851 4129 884 4164 zu
902 4115 1029 4166 teleriren
1047 4113 1104 4165 sich
1122 4113 1239 4174 gesallen

113 4213 210 4265 lasseu.
246 4211 283 4263 Es
300 4211 375 4263 hetta
397 4207 467 4261 deun
484 4209 514 4260 Ε.
533 4209 565 4260 L.
588 4211 637 4260 das
655 4210 814 4261 Bedenkens
837 4207 962 4274 hierbey,
986 4207 1047 4258 dass
1069 4208 1128 4258 eine
1149 4205 1239 4258 solche

114 4307 202 4360 Sache
220 4307 256 4357 im
273 4307 358 4358 Reich
375 4305 443 4356 auch
461 4303 544 4355 durch
562 4304 605 4356 die
622 4304 745 4369 aciens,
769 4303 853 4354 Ohur-
871 4303 925 4354 und
943 4301 1058 4353 Fursten
1076 4316 1110 4353 ru
1127 4295 1239 4362 dirigiru

114 4403 173 4455 sein
189 4402 289 4454 wollte.
323 4400 433 4461 Mscrpt.
450 4398 520 4449 Bibl.
538 4397 626 4450 Bercl.
688 4446 692 4456 ,
