2980 5040
763 262 973 326 ..44-

308 449 451 516 futurum
476 469 546 514 esse
574 449 803 532 emolumento,
831 469 930 534 quarn
957 449 985 514 si
1006 447 1230 532 wolfgangus,
1271 471 1364 514 non
1390 451 1461 532 igno

308 558 413 626 rabat.
456 560 525 638 Quo
553 561 699 642 accessit,
723 561 809 644 quod
834 559 1018 644 provinciae
1044 561 1135 644 ipsae
1161 559 1256 626 dulia
1297 563 1395 626 sola
1425 584 1461 626 er·

310 677 415 756 cepta,
446 693 544 755 quum
565 672 743 737 incolarum
764 672 916 756 plerique
936 671 1041 755 legem
1062 670 1303 738 Oalrinianam
1342 674 1461 756 ample

309 789 481 864 curentur,
505 783 547 848 ad
570 805 702 850 causam
725 805 759 848 se
775 784 974 849 acclinarent
989 783 1148 864 electoris,
1169 782 1387 868 fratrisque
1405 787 1461 868 ejus

308 895 448 977 Ernesti,
471 916 551 980 quos
573 893 651 960 fidoi
665 915 743 960 suae
758 916 861 979 usque
876 915 1079 980 summopere
1094 895 1266 978 indulgere
1288 897 1461 962 sciebant

373 1007 545 1072 Mauritius
574 1005 741 1086 Auraicus,
769 1007 821 1072 oui
854 1006 975 1072 elector
1008 1027 1026 1072 e
1059 1007 1275 1089 Regiomonte
1325 1009 1461 1074 litteras

309 1117 400 1184 dedit
408 1118 454 1198 ³⁰),
476 1115 801 1200 Brandenburgorum
824 1137 941 1184 causae
963 1118 1067 1200 magis
1089 1117 1221 1184 favebat
1236 1141 1366 1203 quam
1384 1121 1458 1185 Nee

307 1229 491 1311 burgorum.
541 1227 703 1294 Censebat
733 1229 832 1294 etiam
857 1227 1092 1294 Hollandorum
1125 1229 1236 1313 copias
1272 1231 1317 1295 in
1353 1237 1453 1298 terras

308 1339 453 1406 Juliacas
469 1338 631 1406 ducendas
647 1361 718 1406 esse
741 1360 779 1406 ao
793 1339 950 1422 promisit,
972 1340 1002 1406 si
1016 1339 1170 1406 Hollandi
1191 1346 1449 1410 cunctarentur.

308 1450 378 1515 fore
405 1457 443 1516 ut
469 1451 538 1535 ipse
567 1471 621 1516 eos
648 1456 692 1516 ad
717 1451 838 1516 bellum
866 1451 1106 1518 adhortaretur.
1151 1451 1292 1536 Iamque
1327 1455 1447 1520 elector

307 1562 404 1628 rebus
427 1583 464 1628 eo
486 1562 601 1628 melius
623 1583 700 1628 usus
723 1568 788 1643 est,
820 1583 919 1646 quum
940 1562 1177 1629 Barneveldtus
1201 1567 1444 1647 pronuntiarit

308 1673 486 1740 Hollaudos
514 1675 636 1740 bellum
664 1679 872 1757 succepturos
902 1695 988 1755 esse,
1019 1674 1047 1740 si
1068 1694 1127 1740 rex
1148 1675 1442 1759 Franoogallorun

310 1785 353 1851 ad
382 1807 513 1850 causam
540 1784 865 1867 Brandcnburgorum
893 1805 928 1850 se
955 1785 1153 1852 inclinasset.
1201 1785 1299 1864 Quae
1330 1790 1441 1872 paneis

310 1894 441 1980 quidem
461 1895 574 1962 diebus
589 1901 665 1960 ante
687 1895 833 1962 inducias
849 1895 1081 1978 Hispanienses
1103 1896 1209 1964 factas
1232 1897 1395 1964 edixerat
1403 1900 1436 1976 ³¹).

373 2007 486 2091 Neque
507 2007 593 2074 banc
608 2006 758 2074 Statuum
780 2007 974 2074 sententiam
996 2008 1108 2074 statim
1129 2013 1203 2091 post
1219 2007 1337 2076 factas
1352 2011 1431 2076 indo·

310 2121 377 2188 cias
399 2125 559 2198 mutatam
580 2118 683 2184 video.
726 2118 765 2184 D.
790 2120 838 2184 11.
860 2141 902 2184 m.
924 2119 1002 2203 Apr.
1024 2124 1112 2184 certe
1133 2119 1181 2184 illi
1202 2119 1424 2188 Brandenbur·
1460 2199 1461 2208 ἵ

308 2253 366 2316 gos
389 2232 533 2316 adjuturi
556 2237 658 2298 erant.
702 2231 806 2296 Mensi
828 2237 937 2297 autem
952 2231 1040 2314 MaJ'o
1061 2229 1137 2296 inde
1159 2229 1259 2296 aliam
1273 2234 1413 2300 rationem

307 2342 474 2427 politicam
507 2342 735 2424 sequebantur.
783 2339 898 2406 Adhuc
929 2341 1060 2424 quidem
1095 2341 1185 2424 pacti
1219 2344 1406 2412 recordentur

309 2473 372 2536 quo
395 2472 445 2518 a0.
465 2451 545 2518 1605
566 2451 810 2532 constituerant,
832 2457 869 2517 ut
884 2451 912 2516 si
926 2471 1013 2516 mors
1029 2449 1120 2516 ducis
1135 2451 1308 2534 evenisset,
1335 2463 1417 2522 mnu

308 2563 454 2630 duliaoas
497 2564 633 2650 imperio
673 2562 999 2646 Brandcnburgorum
1044 2563 1143 2627 armis
1187 2563 1423 2650 subjungerent:

309 2682 499 2760 argumenta
529 2682 639 2744 autem
665 2675 820 2758 afferunt,
853 2674 969 2758 quibus
991 2673 1180 2756 ostendant,
1212 2681 1351 2759 paetum
1369 2681 1425 2763 jan

308 2809 374 2852 non
387 2788 504 2870 vigere,
528 2789 690 2852 ducissam
710 2787 794 2851 enim
809 2785 992 2866 Borussiae,
1015 2806 1099 2868 quae
1114 2784 1254 2853 foederis
1268 2791 1424 2874 particeps

309 2898 421 2980 fuerit,
456 2905 621 2966 mortuum
650 2917 731 2962 esse.
779 2897 826 2962 Re
859 2916 936 2962 vera
964 2901 1074 2962 autem
1104 2897 1296 2980 censebant,
1334 2902 1424 2966 armis

310 3010 440 3096 quidem
462 3010 641 3096 prinoipem
663 3007 881 3094 adjuvandum
902 3029 967 3073 non
989 3028 1069 3090 esse,
1093 3009 1238 3092 quirem
1258 3029 1350 3078 suam
1366 3019 1423 3080 tarn

311 3125 455 3208 segniter
476 3127 597 3206 ageret,
620 3143 719 3204 quarn
740 3121 882 3187 Joannes
906 3117 1181 3202 Sigismundus³²).

315 3291 517 3304 ...-....----

379 3423 416 3493 30)
433 3425 554 3478 Litterae
566 3427 681 3490 scriptae
700 3427 777 3478 eraut
795 3427 821 3478 d.
834 3431 875 3479 11.
893 3439 927 3476 m.
940 3426 1004 3488 Apr.
1034 3427 1076 3478 Ex
1093 3427 1207 3489 epistola
1223 3429 1301 3490 legati
1313 3431 1418 3483 Fraude

311 3521 402 3584 gallici
420 3522 490 3583 apud
506 3522 622 3574 Jeannin
637 3523 670 3575 V.
689 3535 715 3584 p.
725 3527 797 3574 411.:
816 3521 967 3572 L'electeur
984 3534 1000 3571 a
1018 3521 1084 3572 ecrit
1102 3521 1136 3572 du
1155 3528 1195 3574 11.
1211 3521 1283 3572 Arril
1298 3523 1322 3573 le
1337 3526 1417 3586 priam

311 3617 345 3667 de
363 3617 491 3668 favoriser
508 3619 536 3667 et
553 3616 661 3668 assister
673 3618 713 3667 les
730 3617 801 3668 siens
819 3628 852 3666 en
869 3617 896 3666 la
913 3617 984 3679 prise
1002 3617 1036 3672 de
1051 3617 1203 3677 possession
1214 3619 1242 3668 ct
1253 3621 1414 3672 comerratior

311 3712 359 3762 des
376 3712 459 3762 droits
477 3712 522 3775 qui
538 3713 577 3764 lui
595 3711 799 3774 appartiennent
816 3723 850 3762 en
867 3713 937 3762 cette
955 3710 1112 3764 ruccassion.

379 3803 416 3872 ³¹)
440 3806 465 3856 d.
489 3812 513 3857 8.
536 3821 571 3856 m.
594 3806 658 3867 Apr.
680 3806 829 3858 deanuinus
853 3806 887 3866 de
909 3806 997 3857 verbis
1019 3805 1198 3857 Barneroldto
1221 3806 1351 3858 Henrioum
1369 3807 1410 3860 IV.

312 3900 453 3951 certiorem
471 3899 535 3955 fecit
552 3901 585 3951 V.
603 3913 665 3962 pag.
684 3905 725 3952 tt.

379 3990 413 4057 ³²)
432 3994 473 4047 Ex
490 3994 604 4054 epistola
622 3994 763 4046 throodi
781 3995 864 4056 legati
881 3993 1028 4046 Britannici
1047 3995 1209 4058 tuanoriau
1227 3994 1274 4046 ΙΠ.
1289 4005 1341 4056 pag.
1356 3995 1407 4062 ta).

311 4091 364 4142 Yet
380 4090 446 4153 they
468 4089 564 4138 cannot
586 4089 656 4154 deny
678 4090 726 4140 but
749 4091 785 4154 by
802 4101 819 4138 a
837 4089 962 4139 connect
983 4088 1061 4138 made
1085 4100 1157 4139 some
1180 4090 1239 4142 four
1256 4090 1327 4142 Ycarr
1345 4090 1407 4140 sinor

311 4186 376 4250 they
393 4195 467 4240 were
485 4182 573 4234 bound
590 4196 661 4244 upon
677 4183 723 4234 the
740 4185 854 4234 decesso
871 4185 902 4234 of
920 4182 966 4234 the
984 4183 1038 4234 late
1055 4183 1142 4248 dnkc,
1160 4184 1188 4234 to
1204 4184 1267 4234 take
1282 4185 1406 4245 mansion

311 4281 342 4330 of
361 4279 457 4332 clevos
481 4279 533 4330 and
555 4278 656 4332 Juliors
680 4279 707 4330 in
729 4279 775 4331 the
798 4277 893 4328 behalt
911 4279 941 4330 ot
960 4278 1006 4328 the
1028 4278 1145 4340 Marquis
1166 4279 1198 4328 of
1216 4278 1405 4340 Braudeuluret·

315 4373 368 4426 Bnt
389 4373 418 4424 at
438 4373 484 4425 the
507 4373 617 4435 making
640 4373 671 4424 ot
688 4372 748 4424 that
770 4371 888 4424 contraot
907 4373 954 4426 tire
976 4373 1097 4428 numer
1118 4371 1150 4423 ot
1164 4371 1269 4426 Prosda
1288 4383 1334 4424 ras
1350 4375 1403 4426 ther
