2982 5032
539 335 664 402 ...91
709 373 751 385 ..

152 513 306 592 Berolino
324 523 600 592 landioznresdnr
622 525 786 611 profectus
810 530 869 590 est.
909 523 998 590 Nihil
1013 525 1099 590 enim
1121 525 1215 591 omit-

86 627 225 704 tendum
236 674 238 682 ‚
248 639 382 720 curavit,
403 650 468 723 quo
482 637 729 720 Brandenburgi
744 657 818 702 cum
833 636 1013 703 Saxonibus
1027 636 1216 702 reconcilia·

83 755 212 816 rentur.
257 749 346 828 Quae
378 755 416 815 nt
444 749 552 815 fausto
581 749 756 830 euenirent,
786 748 929 814 ‘multum
946 748 1088 814 raberat:
1131 736 1215 813 Nam

86 849 268 926 consiliarii
281 860 497 944 imperatoris,
520 859 633 944 quales
650 858 903 942 Engelhofferus,
926 859 1090 925 Saxonum
1104 863 1213 943 postu-

85 973 160 1038 lata
191 970 478 1051 confirmaverunt,
518 971 766 1056 principesque
777 971 1023 1054 instigaverunt,
1061 969 1214 1052 dicenme,

82 1101 164 1168 Jura
174 1082 338 1148 Saxonum
360 1081 496 1148 meliora
518 1086 589 1147 es‘se
609 1100 710 1166 quarn
731 1080 966 1164 Possidentum,
986 1082 1216 1208 imperatorem

86 1194 204 1260 etiam
214 1210 354 1258 censere.
358 1191 447 1276 1¹⁴)
904 1203 907 1210 '

142 1305 205 1370 Ex
235 1323 298 1388 quo
328 1303 537 1370 Possidentes
569 1309 643 1370 cum
665 1303 808 1369 Unione·
821 1309 907 1370 tract
893 1304 1027 1386 tabant,
1057 1304 1216 1370 Ernestus

86 1415 236 1482 marchio
257 1403 386 1481 bellum
397 1411 583 1499 jam'magis
599 1415 744 1498 optabat,
767 1401 865 1499 quam
877 1414 1055 1500 perenm)
1086 1415 1217 1480 Elector

85 1528 130 1592 iis
152 1527 292 1592 maxime
313 1525 514 1610 temporibus
540 1547 610 1590 rem
630 1547 711 1590 oum
739 1526 904 1591 ordinibus
934 1526 1107 1591 Marchicis
1133 1526 1216 1591 bene

86 1641 272 1724 peregerat.
327 1635 466 1720 Jamque
501 1637 558 1702 alii
587 1623 789 1702 commodum
821 1637 989 1721 politicum
1019 1641 1216 1722 spectantes,

86 1755 128 1816 ut
149 1769 203 1814 res
223 1749 258 1812 in
279 1735 635 1830 discrimenvenirent,
659 1747 723 1814 'elii
751 1753 789 1813 ut
818 1747 859 1814 de
880 1747 1088 1832 religionibus
1112 1748 1217 1814 denuo

89 1865 283 1940 certaretur,
320 1857 550 1924 sollicitabant.
608 1860 677 1924 Nec
713 1859 902 1941 defuerunt,
940 1860 995 1944 qui
1032 1858 1218 1940 censebant,

88 1955 291 2058 principibus
310 1989 376 2034 non
396 1969 626 2052 imperatorem
647 1969 744 2036 modo
767 1967 984 2054 etflispanos
1007 1969 1217 2036 debellandos

89 2103 174 2163 esse,
197 2080 256 2146 sed
278 2081 378 2146 etiam
397 2079 498 2164 ligem
520 2081 759 2150 catholicorum.
767 2081 815 2163 ¹²⁶)
862 2108 865 2117 “
899 2151 901 2158 ,
1056 2068 1060 2078 ’

156 2193 297 2277 Jamque
339 2190 382 2257 ab
403 2189 491 2256 ‘aliis
523 2192 673 2274 partibus
705 2213 758 2258 res
791 2191 924 2276 propius
965 2191 1009 2258 ad
1046 2187 1232 2258 discrimen

91 2303 313 2372 adducuntur:
347 2288 445 2368 credo
468 2302 568 2385 enim,
592 2323 630 2368 eo
652 2303 793 2370 maxime
815 2309 961 2388 tempore
985 2303 1114 2368 scilicet*
1132 2323 1217 2368 anno

92 2417 177 2480 1609
201 2417 339 2480 exeunte
366 2412 480 2496 Ligarn
507 2413 701 2481 catholicam
734 2436 799 2481 non
824 2415 920 2480 modo
947 2414 991 2480 ad
1019 2433 1100 2480 rem·
1116 2413 1219 2479 Julia-

91 2546 167 2592 cam
194 2525 297 2610 primo
326 2523 517 2606 accessisse,
549 2525 608 2591 sed
635 2527 735 2592 etiam
762 2527 953 2611 imperatori
979 2525 1153 2607 institisse,
1167 2530 1220 2591 ‘ut

92 2659 133 2704 ea
157 2635 256 2702 armis
273 2634 439 2702 finimur:
479 2637 637 2702 Percaute
659 2643 772 2702 tamen
795 2636 835 2702 de
857 2637 920 2703 hac
940 2636 1117 2704 redicam.

238 2935 241 2944 ’
341 2935 344 2940 ’
368 2929 413 2996 De
430 2929 609 2996 conatibus
625 2929 725 3013 Ligus
747 2927 952 2998 catholicae:
1034 2929 1060 2958 ·³

309 3039 433 3108 Bellum
455 3039 497 3106 ab
519 3040 666 3124 utrisque
686 3037 1014 3140 partibus'paratun

158 3174 334 3244 Rudolium
355 3175 477 3244 bellum
492 3173 641 3240 noluisse
664 3195 763 3262 supra
786 3173 909 3244 dictum
936 3179 994 3242 ests
1003 3171 1052 3256 177)
1095 3171 1219 3238 Edictis

89 3287 226 3374 quidem
241 3287 456 3352 Poseidonias
476 3286 638 3352 terrebat:
662 3286 764 3354 armis
783 3285 980 3352 abstinebat
1000 3283 1059 3370 onj
1061 3305 1099 3350 us
1120 3283 1220 3350 ratio·

89 3417 168 3465 nom
194 3405 289 3462 nemo
317 3397 548 3464 admirabitur:
583 3417 660 3462 nam
683 3402 783 3481 quum'
815 3415 836 3462 a
869 3397 965 3462 sociis
992 3393 1220 3461 Possidentum

92 3531 187 3576 arma
213 3507 387 3590 instarent,
414 3486 485 3574 tum
514 3507 695 3574 certamina
721 3529 793 3573 cum
826 3503 953 3574 Mathia
982 3512 1054 3573 orta
1073 3497 1220 3590 impera-

90 3628 198 3698 torem
227 3594 462 3707 opprimebant.
519 3617 653 3686 Nulla
643 3617 703 3702 rgit
707 3639 746 3684 ur
766 3618 801 3686 in
828 3617 890 3686 hoc
917 3639 958 3684 nc
986 3621 1123 3685 exeunte
1151 3615 1221 3702 qui-

92 3733 169 3801 dem
192 3752 276 3798 anno
299 3731 382 3799 1609
405 3730 483 3801 belli
506 3729 679 3814 cupiditas
790 3781 793 3789 .

164 3967 211 4033 ιιι)
237 3969 280 4021 Ex
307 3968 420 4032 epistola
443 3967 636 4031 Engelhofferil
663 3967 860 4021 Goedelmanno
888 3966 952 4020 data
979 3969 1004 4020 d.
1032 3975 1072 4020 2⁷.
1098 3979 1133 4018 m.
1161 3966 1220 4018 Oct.

92 4065 196 4116 Eodem
219 4065 276 4116 iere
298 4065 417 4124 tempore
434 4063 539 4124 Progne
561 4063 668 4114 libellus
689 4065 779 4126 jurum
801 4065 1011 4126 Burgavcnsium
1035 4062 1149 4113 traditus
1171 4059 1221 4115 est.

93 4159 233 4211 Invenitur
250 4157 278 4208 in
296 4158 358 4209 Ber.
376 4155 431 4206 Jul.
450 4157 528 4208 Fasc.

73 4273 76 4280 ·
155 4249 213 4320 lli)
231 4249 406 4315 cf.·Droyson
424 4243 669 4303 misenensi.
687 4263 732 4312 ιιι.
751 4251 792 4307 od.
885 4251 889 4260 '

164 4343 211 4411 1⁷⁶)
231 4346 301 4399 inter
319 4357 384 4412 qnos
401 4343 532 4395 Henricus
550 4357 604 4400 reu.

133 4421 510 4509 'wammam‘
668 4425 762 4436 ''
