2980 5040
723 271 935 339 ..2ss-

273 467 346 526 aute
368 457 510 524 tribunal
532 456 681 524 Caesaris
702 459 830 542 privata
852 457 1021 522 commoda
1042 463 1246 542 quaererent,
1273 481 1425 542 suaque
1473 539 1474 553 χ

273 592 355 654 quae
385 571 508 654 optima
537 575 630 634 erant
659 576 692 634 et
721 569 915 634 solidissima
947 569 1157 634 successionis
1182 568 1277 651 jura,
1328 589 1427 634 com-
1475 598 1476 603 ¹

273 680 473 746 mandarent.

336 792 466 858 Interea
508 790 585 856 dum
636 791 889 854 Interessentum
926 789 1108 856 simultates
1140 790 1427 874 haudquaquam

275 901 429 967 tolluntur
449 921 601 968 numerus
623 921 734 966 eorum
756 900 993 984 quodammodo
1016 907 1130 966 auctus
1147 906 1205 966 cst.
1249 900 1429 966 Saxones

273 1019 417 1078 veterum
438 1007 669 1096 promissorum
691 1012 882 1078 hereditatis
904 1012 1050 1078 Juliacae
1072 1012 1306 1078 recordantur.
1366 1014 1427 1078 ,Ιο-
1474 995 1475 1000 ¹

274 1145 372 1190 annes
395 1123 550 1206 Georgius
573 1129 607 1187 et
636 1122 822 1187 Joachimus
851 1122 1033 1187 Fridericus
1060 1123 1090 1188 d.
1115 1123 1164 1186 25.
1188 1123 1279 1206 Sept.
1316 1123 1425 1188 1593.

273 1233 471 1300 Fridericum
494 1233 699 1312 Guilehnum,
722 1234 777 1315 qui
793 1232 967 1300 Christiani
989 1234 1030 1298 Π.
1052 1234 1191 1300 tutelam
1212 1235 1340 1316 gessit,
1369 1256 1426 1298 ro

274 1350 429 1429 gaverant
448 1349 484 1410 nt
506 1343 647 1410 Saxonis
667 1343 821 1426 legationi
843 1365 926 1428 quae
949 1344 991 1410 ad
1014 1343 1185 1410 Caesarem
1207 1343 1329 1425 fieret,
1359 1345 1424 1410 ad·
1467 1364 1476 1428 ⁵,

271 1456 488 1552 jungeretur..

336 1566 458 1646 Quibus
481 1565 659 1632 Guilelmus
681 1566 783 1630 multo
809 1571 954 1651 tempore
977 1572 1167 1650 consumpto
1189 1588 1292 1650 quum
1321 1589 1419 1652 quae

274 1680 314 1745 de
337 1678 538 1744 successione
559 1677 688 1742 Juliaca
715 1677 858 1742 Saxones
884 1678 918 1742 in
940 1679 1069 1762 scriptis
1091 1678 1252 1744 haberent
1274 1679 1418 1744 studio-

275 1789 399 1855 sissime
435 1788 578 1871 undique
615 1787 875 1871 conquisivisset,
898 1788 928 1853 d.
954 1789 1002 1854 19.
1025 1810 1066 1854 m.
1089 1789 1166 1854 Nou.
1204 1791 1413 1873 respondet:

274 1897 542 1981 Brandenburgos
563 1919 627 1963 non
648 1899 761 1978 latere,
785 1898 964 1964 Saxonibus
986 1921 1050 1966 non
1067 1900 1291 1966 hereditatem
1306 1901 1410 1966 modo

274 2011 465 2096 promissam
494 2029 564 2106 esse
593 2010 650 2076 sed
678 2011 778 2074 etiam
806 2010 1093 2094 inaugurationem.
1137 2013 1187 2076 Ex
1215 2011 1268 2078 his
1301 2012 1404 2078 vindi-

274 2123 332 2190 ciis
354 2121 514 2188 rationem
536 2121 702 2204 politicam
725 2121 887 2186 Saxonum
900 2121 1084 2188 institutum
1100 2123 1149 2188 iri.
1180 2121 1239 2188 cui
1253 2123 1277 2188 J
1279 2141 1400 2188 oannes

274 2234 429 2317 Georgius
456 2234 555 2319 paulo
582 2240 656 2318 post
683 2233 907 2300 Grimnitziae:
945 2232 1107 2298 Saxonum
1140 2234 1302 2300 uindicias
1334 2252 1392 2300 esse

274 2346 449 2424 extinctas,
484 2333 627 2408 ceterum
656 2343 927 2426 Brandenhurgos
954 2343 1092 2410 neminis
1118 2345 1195 2428 jura
1220 2345 1386 2412 violaturos

275 2475 356 2535 esse,
384 2453 529 2522 Saxones
563 2475 602 2520 eo
624 2453 751 2519 facilius
784 2453 908 2536 legatos
942 2454 1195 2522 Interessentum
1228 2455 1396 2521 sublevare

273 2587 379 2652 posse,
410 2566 495 2650 quod
526 2565 698 2632 consiliarii
728 2564 884 2630 Friderici
916 2563 1067 2630 Guilelmi
1096 2572 1173 2632 tuno
1199 2567 1329 2650 Pragae
1359 2561 1396 2630 ad

275 2679 384 2746 aulam
406 2677 555 2744 Caesaris
578 2677 739 2744 adessent.

337 2790 459 2854 Tamen
481 2795 605 2857 tantum
631 2788 762 2866 aberat,
793 2793 830 2852 ut
852 2787 937 2854 Saxo
960 2810 995 2852 se
1018 2789 1060 2854 ad
1081 2789 1275 2872 legationem
1297 2785 1389 2872 appli-

275 2907 375 2982 caret,
398 2906 435 2965 ut
457 2899 592 2983 scripta,
620 2919 703 2982 quae
727 2898 767 2962 de
787 2898 914 2982 juribus
937 2900 1002 2964 suis
1025 2899 1232 2966 hereditariis
1255 2893 1389 2984 agerent‘

275 3015 463 3100 depromere
485 3010 637 3098 perrexit.
681 3011 730 3076 Ex
750 3009 867 3094 quibus
890 3009 951 3076 sibi
973 3009 1204 3096 persuadebat,
1231 3011 1315 3078 istas
1337 3010 1397 3074 vin-

276 3127 377 3194 dicias
398 3147 463 3192 non
484 3131 552 3191 tam
574 3123 686 3187 inanes
710 3143 780 3186 esse
804 3128 837 3186 et
858 3144 968 3190 uanas.
1012 3123 1145 3205 Iamque
1169 3121 1211 3186 ad
1233 3121 1400 3188 Branden-

274 3238 407 3320 burgos,
444 3255 528 3318 quae
565 3232 605 3296 de
632 3231 729 3296 terris
757 3231 891 3296 Juliacis
924 3231 1028 3296 denuo
1056 3253 1188 3316 sperare
1217 3233 1403 3316 incepisset,

275 3341 515 3431 perscripsit⁴⁸).

276 3537 342 3586 Nor.
362 3534 441 3584 datae
458 3533 534 3582 multi
546 3532 597 3582 ioci
615 3532 743 3584 memoria
759 3530 832 3592 digni
851 3529 980 3581 videntur.
1008 3532 1048 3581 Ex
1067 3529 1161 3594 quibus
1179 3529 1293 3580 adhibeo
1312 3543 1405 3580 unam:

278 3630 332 3680 und
350 3628 426 3678 einer
442 3628 494 3677 den
508 3627 609 3676 andern
622 3626 690 3676 auch
701 3637 750 3686 per
762 3624 919 3675 indirectum
931 3624 1005 3674 nicht
1017 3623 1129 3673 bindern
1146 3623 1200 3673 und
1212 3624 1275 3674 weil
1287 3625 1406 3675 iremdes

280 3722 410 3773 wilsates
422 3721 580 3773 Baistandes
597 3721 654 3770 sicb
666 3719 756 3781 wenig
773 3733 806 3770 nu
824 3719 968 3783 getrbsten,
986 3729 1058 3768 muse
1074 3729 1135 3766 man
1152 3717 1203 3767 mit
1219 3718 1269 3768 der
1285 3719 1405 3769 Laudes·

281 3815 381 3868 Stiinde
400 3817 538 3876 Zusprung
555 3815 705 3866 veriabren.
740 3815 809 3864 Num
830 3815 887 3875 jam
910 3815 964 3863 tum
983 3810 1115 3861 Henricus
1132 3813 1179 3862 IV.
1197 3824 1253 3862 rem
1271 3813 1405 3864 Juliacan

280 3911 452 3962 intuebatur?

346 4001 380 4066 ⁴⁸)
399 4004 440 4053 Ex
458 4003 572 4063 epistola
589 4003 720 4054 Pudenti
738 4001 863 4054 Guilelmi
888 4008 928 4052 11.
946 4001 1012 4050 Dec.
1032 4004 1096 4052 1593
1119 4001 1249 4052 nunmebr
1266 4001 1405 4052 allerband

279 4103 385 4150 iernere
404 4097 604 4158 Naobricbtung
622 4098 705 4148 durch
728 4097 894 4146 anderwcite
913 4093 1087 4156 Aubnohung
1104 4097 1286 4160 einkommen,
1309 4095 1404 4146 11111111

282 4207 315 4244 nu
332 4192 506 4256 rathoboten,
530 4192 591 4242 dass
608 4191 711 4253 selbige
728 4201 825 4242 unssre
843 4187 945 4240 Rechts
963 4189 1036 4239 nicht
1053 4202 1082 4239 so
1100 4201 1149 4250 gar
1165 4189 1281 4240 iiber-aus
1298 4189 1334 4239 all
1350 4189 1403 4238 und

281 4287 428 4353 erloscben,
446 4285 561 4338 sondern
572 4287 701 4338 vielmebr
718 4285 786 4336 noch
805 4297 852 4334 nur
865 4284 924 4334 zoit
941 4284 967 4333 in
980 4285 1058 4344 guter
1069 4283 1138 4334 Acbt
1155 4297 1189 4334 nu
1206 4283 1321 4334 nebnren
1337 4273 1401 4346 sain,

281 4381 342 4434 dass
359 4382 410 4432 wir
426 4382 454 4432 in
471 4381 520 4432 der
536 4380 617 4432 weiss
634 4379 739 4442 itglicb
758 4380 811 4429 deu
829 4379 958 4430 Bcistaud
975 4377 1048 4428 niobt
1065 4377 1160 4428 laisten
1176 4375 1291 4428 kinnor„
