3050 5038
689 225 900 290 ..62-

304 411 561 482 Praetendentes
582 433 647 480 non
667 411 855 479 nesciebant
868 412 1097 498 imperatorem
1111 430 1176 476 non
1196 411 1266 475 tem
1286 429 1364 494 pro-

241 525 322 611 priis
343 525 484 597 consiliis
505 545 599 592 usum
630 545 727 610 quam
757 547 777 591 a
800 523 989 590 consiliariis
1011 521 1077 588 ruis
1098 519 1305 608 perductum,
1326 520 1365 586 in

241 637 339 704 rebus
361 637 496 704 Juliacis
517 636 581 703 vim
604 635 798 704 adhibuisse.
812 635 850 722 ⁸⁵)

307 747 382 813 Sine
410 747 507 814 dubio
535 747 648 813 eodem
674 747 725 812 die
755 747 797 828 (8.
827 768 869 812 m.
888 743 974 832 Jun.)
1005 745 1273 827 Hohenzollerus,
1306 745 1366 830 qui

246 857 355 925 edicta
376 859 605 944 promulgaret,
626 859 786 943 rebusque
807 858 1007 942 prospiceret
1028 857 1194 942 delegatus
1209 861 1269 922 est.
1302 855 1366 934 Qui

244 992 342 1056 quum
363 971 397 1036 in
418 977 524 1036 terras
546 971 698 1052 venisset,
720 969 801 1035 nulli
822 969 970 1036 ordinum
992 969 1160 1034 conventui
1180 989 1245 1034 non
1265 969 1367 1032 inter-

244 1087 330 1164 erat,
368 1088 438 1148 tam
468 1079 688 1149 Hambachiae
729 1082 858 1162 aderat,
900 1103 997 1165 quam
1032 1079 1245 1163 Mullheimio,
1284 1101 1366 1164 quos

243 1195 277 1260 in
298 1194 387 1260 locos
413 1193 541 1259 ordines
571 1191 689 1258 Juliaci
715 1198 938 1258 convenerant.
988 1192 1095 1278 Atque
1122 1190 1156 1256 id
1177 1213 1242 1257 non
1268 1190 1367 1258 modo

246 1305 380 1388 agebat,
406 1311 444 1370 ut
472 1325 525 1370 res
555 1305 589 1369 in
617 1305 783 1389 pristinum
811 1309 933 1370 statum
958 1303 1222 1380 restituerentur,
1250 1303 1308 1368 sed
1329 1307 1370 1367 ut

244 1417 418 1502 imperium
462 1415 523 1482 sibi
556 1415 741 1482 traderetur
777 1415 920 1500 fidesque
953 1413 1100 1480 ordinum
1131 1411 1193 1478 sibi
1224 1413 1367 1480 daretur.

245 1529 352 1613 Atque
385 1527 475 1593 nulla
509 1527 617 1592 omisit
650 1547 754 1611 neque
780 1526 941 1610 promissa
979 1547 1083 1610 neque
1118 1524 1222 1590 minas
1250 1523 1367 1609 quibus

246 1639 450 1706 subditorum
477 1640 600 1704 animos
628 1636 959 1704 aPraetendentibus
986 1634 1164 1704 abduceret
1189 1634 1366 1719 foedusque

245 1753 374 1817 irritum
395 1750 557 1816 redderet.
569 1749 605 1832 ⁸⁶)
1375 1737 1378 1742 ⁸

311 1862 477 1945 Principes
493 1859 623 1945 quidem
637 1857 746 1925 multis
760 1856 1044 1925 intercessionibus
1059 1864 1128 1923 tam
1142 1857 1230 1942 apud
1238 1857 1367 1923 Hohen-

248 1973 403 2040 zollerum
433 1972 552 2057 ipsum,
585 1991 684 2056 quam
716 1969 803 2058 apud
830 1968 1020 2053 Caesarem,
1054 1975 1171 2038 conata
1204 1967 1369 2055 deprecati

249 2090 333 2154 suut.
369 2083 485 2150 (lomes
507 2087 616 2150 autem
637 2081 932 2150 Hohenzolleranus
954 2081 1069 2166 legatis
1090 2080 1274 2168 respondet,
1297 2101 1367 2148 curn

251 2349 293 2394 24.
310 2356 345 2392 m.
363 2343 434 2403 hiajo
458 2341 558 2390 editum
581 2352 639 2390 esse
661 2341 689 2390 in
711 2340 767 2390 Sor.
791 2340 867 2390 Det:
888 2353 922 2390 cu
945 2339 1147 2404 geschweigem
1175 2337 1237 2390 dass
1259 2336 1367 2388 ermelte

252 2435 370 2486 Gitatlon
388 2428 438 2496 (2'4.
457 2433 511 2484 Mai
534 2435 609 2496 1609)
633 2433 700 2484 auch
723 2433 750 2481 in
771 2433 832 2482 <iem
854 2433 1041 2498 mengelhafft,
1063 2434 1117 2482 und
1140 2433 1218 2484 vitius
1239 2433 1286 2498 ist,
1309 2433 1369 2482 dass

252 2529 382 2580 (lamnnen
399 2528 534 2579 zwischen
552 2527 667 2589 clegern
684 2527 737 2577 und
754 2527 900 2589 uemagtsn
917 2539 1071 2588 possessam
1093 2527 1147 2578 und
1168 2527 1285 2589 petitorn
1307 2527 1369 2575 hein

254 2622 433 2676 underscheid
458 2621 582 2684 gemacht
607 2623 648 2674 ist
692 2621 781 2672 Etiam
801 2621 919 2672 marchio
941 2621 1120 2682 Burgavensis
1146 2621 1180 2671 de
1206 2623 1257 2672 hoc
1283 2619 1369 2671 edicto

254 2719 361 2780 questus
380 2718 465 2768 estin
483 2715 590 2782 „libello
608 2716 748 2767 summario
766 2716 812 2779 qui
830 2718 917 2768 exstat
933 2717 962 2765 in
979 2716 1042 2766 Ber.
1060 2716 1114 2766 Jul.
1133 2716 1298 2766 Fascicuio.“

322 2809 355 2873 ⁸⁵)
375 2810 459 2872 scrpt.
484 2811 545 2860 Dei.
571 2809 598 2860 in
624 2811 754 2860 welchem
779 2823 841 2860 man
866 2810 1019 2870 gleichwoll
1045 2811 1216 2862 Allerhiichst
1241 2809 1370 2870 gennente

253 2905 323 2968 Kay.
341 2905 412 2968 May.
439 2904 479 2954 als
501 2903 544 2954 cic
565 2915 615 2954 von
638 2904 722 2956 Natnr
745 2904 819 2955 eines
841 2904 952 2966 giitigen
975 2904 1029 2954 und
1052 2905 1240 2966 auffrichtigen
1261 2903 1372 2956 Gabliits

253 2999 327 3050 nicht
343 2997 502 3065 verdenket,
524 2997 639 3049 eundern
656 2995 699 3049 die
719 2997 818 3050 Schuld
835 2999 998 3062 denjenigen
1015 2999 1152 3062 zumisset,
1175 2992 1278 3049 welche
1301 2998 1373 3048 ihrer

254 3095 324 3157 noy.
345 3107 379 3144 au
397 3093 470 3144 ihrer
487 3093 776 3146 selbstnnzimbllchen
793 3093 847 3143 und
859 3093 1041 3154 verpfluchten
1054 3093 1284 3154 sigenniitaigkeit
1299 3092 1373 3142 rech·

255 3191 302 3238 ten
319 3187 411 3238 Grund
428 3187 567 3238 verhalten
584 3186 638 3234 und
655 3186 711 3235 sich
730 3186 862 3236 dardurch
883 3187 956 3236 ihrer
977 3188 1041 3250 May
1058 3189 1174 3238 Namens
1200 3187 1253 3236 und
1274 3187 1373 3236 Antho-

257 3281 321 3331 ritct
338 3279 503 3339 boshaftiger
520 3277 573 3328 und
590 3278 828 3338 mutwilligerwcis
845 3280 1029 3331 missbraucht.

324 3373 460 3434 Principes
478 3372 595 3422 scribunt
616 3371 641 3420 d.
661 3378 684 3423 i.
703 3387 737 3422 m.
756 3373 810 3423 Jul.
830 3373 864 3422 ad
882 3373 1034 3440 Gaesarem,
1052 3375 1277 3426 Hohennollerum
1298 3387 1374 3425 usum

259 3477 331 3519 esse:
349 3467 438 3517 solchc
456 3465 629 3516 betrewliche
647 3467 800 3532 anhengen,
823 3468 884 3518 dass
907 3469 989 3518 ‹larob
1007 3468 1200 3530 handgreihich
1218 3483 1251 3520 nu
1269 3467 1375 3534 spiiren,

258 3562 312 3614 und
326 3560 415 3614 vielen
433 3559 701 3621 augenschcinlichen
718 3559 910 3622 vermutu'ngen
927 3561 1003 3628 nach,
1021 3562 1155 3623 gentzlich
1168 3561 1259 3613 dariiir
1276 3577 1309 3614 zu
1321 3562 1376 3613 hel·

258 3658 316 3719 ten,
331 3655 379 3706 des
396 3665 426 3704 er
443 3654 540 3704 dessen
557 3653 656 3703 venii.
674 3653 743 3717 Kay.
761 3655 831 3718 May.
850 3655 889 3705 als
902 3645 987 3706 cinam
1000 3655 1141 3722 liblichen,
1160 3657 1305 3717 gerechten
1322 3656 1376 3708 und

260 3747 471 3799 iriedliebenden
488 3747 594 3810 Kayser
610 3747 709 3796 hainen
726 3749 826 3809 special
843 3749 955 3799 Beselch
972 3749 1080 3814 gehabt,
1098 3751 1212 3800 sondern
1224 3749 1282 3802 sich
1294 3751 1376 3802 durch

260 3843 360 3894 andere
377 3837 508 3902 unruhige
525 3840 607 3890 Leutt
624 3841 652 3890 in
669 3841 694 3891 d.
713 3841 934 3894 Nachbarschafft
957 3843 1039 3892 daran
1061 3845 1179 3894 bereden
1200 3845 1253 3897 vni
1274 3847 1376 3896 confor-

260 3936 347 3990 miren
363 3936 460 3985 lassan.
1378 3964 1379 3968 κ

329 4025 362 4090 ⁸⁵)
381 4027 518 4088 Principes
536 4026 626 4078 dicunt
643 4027 670 4078 ln
689 4029 843 4090 epistolari.
862 4035 885 4082 7.
904 4029 958 4080 Jul.
977 4031 1012 4080 ad
1028 4031 1170 4082 Rudolhim
1189 4033 1259 4084 data.
1284 4035 1377 4086 Iudem

263 4135 292 4173 er
314 4121 371 4172 sich
393 4121 537 4182 gleichsam
565 4123 639 4171 einer
661 4122 886 4173 Oberherrlichen
908 4123 1037 4175 direction
1060 4138 1234 4178 anzumassen
1257 4129 1312 4180 und
1333 4128 1376 4178 uie

263 4213 363 4273 simne
386 4227 420 4266 nn
436 4214 525 4266 seium
542 4215 696 4276 Hulnirung
717 4217 783 4267 oder
802 4219 832 4279 ja
854 4231 887 4267 zu
909 4219 995 4269 einem
1017 4220 1108 4270 Abfah
1130 4223 1183 4272 und
1205 4221 1378 4274 verbiindniss

263 4308 349 4372 nider
366 4321 415 4362 um
431 4309 486 4360 unu
502 4321 598 4360 umere
615 4309 782 4370 principalen
799 4325 832 4361 ru
850 4305 1117 4366 reilren....anlisst.
