2980 5040
684 209 898 276 „56-

298 400 368 478 Quo
390 399 461 464 loco
483 397 536 464 die
559 397 697 482 denique
720 399 836 465 ultima
857 401 976 465 mensis
992 399 1072 484 Maji
1094 398 1176 483 (vel
1213 399 1262 465 d.
1301 399 1368 462 10.
1393 419 1433 462 m

233 512 308 578 Jun.
323 509 407 596 stylo
429 509 520 592 novo)
543 531 596 574 res
618 510 805 594 prosperius
827 511 935 576 evenit
957 533 1056 595 quam
1078 515 1214 576 antea.
1284 507 1429 575 Consti-

232 611 473 704 tutum'igitur,
505 627 542 686 ut
562 621 725 706 principes
754 643 855 706 usque
883 622 927 688 ad
956 621 1168 690 amicabilem
1215 626 1307 688 aut
1339 620 1429 704 juri·
1459 623 1460 646 ³

234 733 340 798 dicam
366 731 560 798 decisionem
584 733 658 816 jure
687 732 921 799 familiaritatis
958 739 991 798 et
1019 740 1206 818 tamquam
1251 731 1422 817 proximi
1459 707 1460 768 l

238 845 367 928 cognati
395 849 429 909 et
457 844 568 925 amici,
601 845 741 925 ,amice
776 845 914 910 invicem
941 846 1148 911 convenirent
1184 849 1241 910 et
1286 847 1420 908 contra

235 976 442 1040 quascunque
469 955 713 1040 praetensiones
744 976 803 1039 pro
833 957 1076 1022 conservatione
1106 962 1140 1021 et
1166 954 1414 1020 defensione

235 1065 393 1132 ditionum
422 1067 484 1133 sibi
513 1067 718 1146 assisterent,
753 1071 787 1130 et
820 1068 926 1150 spatio
953 1067 1174 1152 proximorum
1215 1071 1413 1152 quattuor

235 1178 412 1258 mensium,
444 1177 582 1243 silorte
609 1177 736 1242 interea
770 1176 890 1242 elector
923 1177 1252 1262 Brandenburgicus
1298 1176 1408 1242 adue

235 1288 354 1368 nisset,
385 1287 542 1371 quidquid
572 1285 613 1352 de
640 1307 676 1352 re
704 1293 737 1352 et
759 1288 925 1354 commodo
947 1289 1084 1372 legitimi
1106 1289 1346 1356 successoris
1370 1292 1402 1352 et
1449 1332 1452 1375 ,

236 1396 439 1465 subditorum
460 1399 605 1464 futurum
626 1405 721 1480 esset,
749 1398 956 1465 omnimodo
983 1407 1209 1484 procurarent.
1275 1399 1403 1482 thue

236 1509 392 1594 proximis
420 1508 549 1592 diebus,
576 1510 632 1576 ubi
659 1509 948 1594 Duesseldorpium
975 1511 1124 1594 ivissent,
1151 1517 1297 1578 conata
1334 1530 1397 1575 sua

238 1621 404 1687 ordinibus
425 1623 608 1708 provinciae
638 1627 672 1688 et
697 1622 753 1707 qui
778 1642 882 1706 nuper
903 1621 1041 1694 fuissent
1063 1623 1274 1690 consiliariis
1302 1620 1397 1688 indi·

238 1739 358 1815 carent,
380 1734 523 1818 ipsisque
546 1733 736 1798 consiliariis
758 1731 921 1816 adjunctis
943 1733 1138 1818 quibusdam
1171 1757 1213 1800 ex
1250 1733 1391 1800 ordini-

237 1843 299 1910 bus
324 1844 469 1928 ipsarum
497 1843 655 1910 ditionum
685 1843 864 1928 ,regimen“
892 1866 995 1929 usque
1026 1845 1070 1910 ad
1103 1846 1313 1912 ulteriorem
1351 1849 1387 1909 ei

238 1954 406 2020 meliorem
430 1955 711 2042 ,dispositionem“
735 1955 982 2021 committerent.
1011 1955 1137 2022 Deinde
1158 1963 1196 2024 ut
1217 1958 1272 2024 ab
1295 1955 1383 2040 ipsis

239 2065 430 2134 consiliariis
452 2073 486 2134 et
507 2065 646 2134 subditis
667 2065 851 2150 homagium
873 2068 1090 2152 susciperent,
1116 2069 1230 2153 illique
1259 2065 1377 2154 jurari

235 2178 405 2264 juberent,
440 2179 496 2264 qui
522 2180 610 2244 inter
634 2179 739 2264 ipsos,
775 2178 898 2244 scilieet
927 2179 1103 2244 electorem
1131 2179 1378 2246 Brandenbur·

239 2290 346 2374 mcum
374 2296 407 2357 et
435 2289 621 2356 Palatinum
647 2290 901 2372 Neoburgicum,
930 2290 1092 2372 legitimus
1113 2291 1214 2424 herep
1233 2297 1274 2356 et
1299 2309 1371 2356 suc

241 2421 349 2466 cessor
372 2399 604 2465 declararetur.
633 2400 810 2464 Praeterea
830 2403 868 2466 ut
890 2404 924 2463 et
945 2400 1148 2482 sepulturam
1170 2402 1264 2468 ducis
1282 2423 1372 2468 mor-

240 2511 290 2578 tui
311 2510 521 2592 celebrarent,
543 2509 724 2594 viduaeque
747 2510 817 2596 ejus
831 2508 1047 2596 providerent,
1069 2518 1169 2596 utque
1184 2513 1368 2580 archivium

241 2623 476 2707 consignarent,
498 2621 630 2688 vasallis
651 2622 778 2688 indulta
800 2623 1058 2708 impertirentur,
1087 2624 1216 2708 imperii
1244 2631 1282 2690 et
1306 2623 1364 2702 cir·

241 2734 307 2800 culi
328 2734 459 2800 comitia
480 2734 659 2816 visitarent,
682 2735 791 2800 omnia
812 2734 952 2818 denique
975 2740 1176 2818 peragerent,
1207 2753 1293 2818 quae
1316 2753 1366 2798 re·
1459 2771 1460 2780 κ

241 2866 314 2912 rum
335 2850 440 2912 status
462 2845 623 2928 exigeret,
651 2844 720 2910 sine
741 2844 942 2928 praejudicio
972 2852 1005 2910 et
1033 2847 1128 2910 unius
1158 2850 1192 2910 et
1219 2845 1362 2922 alterius,

243 2963 314 3025 tam
340 2956 376 3022 in
408 2955 625 3039 ,possessorio
652 2977 750 3041 quam
781 2956 815 3022 in
843 2957 1015 3041 petitorio“
1040 2957 1115 3042 jure
1148 2955 1250 3037 salvo,
1283 2973 1362 3021 neve

244 3068 353 3156 quoad
382 3090 481 3136 causa
507 3069 580 3154 ipsa
600 3068 789 3153 principalis
811 3068 991 3153 dijudicata
1011 3089 1076 3133 non
1098 3072 1194 3150 esset,
1217 3067 1300 3134 alter
1322 3065 1359 3132 de
1392 3123 1394 3129 .

242 3181 347 3248 altero
369 3181 472 3246 ullum
494 3179 557 3244 sibi
578 3185 746 3260 arrogaret
766 3179 1018 3263 praejudicium,
1046 3179 1237 3260 reservatis,
1265 3179 1357 3245 etiam

243 3295 313 3356 tam
348 3287 493 3353 Palatini
519 3287 684 3372 Bipontini
717 3310 816 3374 quam
853 3289 1048 3356 marchionis
1073 3289 1287 3372 Burgavensis
1308 3291 1356 3375 ju·
1459 3381 1460 3388 ἵ

242 3395 385 3480 ribus.⁶⁸)

245 3745 403 3800 genommen
419 3735 538 3787 werden.
568 3735 619 3800 (Ex
634 3734 794 3786 tractatione
811 3733 1012 3796 Homburgiana
1034 3733 1103 3786 Hist.
1123 3733 1279 3796 Schauplatr
1294 3732 1349 3786 liu

247 3829 281 3881 Η.
299 3827 346 3896 Η.)
363 3829 442 3880 Unde
461 3831 573 3892 apparet
588 3831 768 3897 dissensiones
790 3830 938 3892 principum
955 3829 1113 3891 Homnurgii
1132 3829 1238 3893 quidem
1255 3829 1348 3880 nondun

246 3924 350 3976 ablatas
368 3923 502 3990 essancti
520 3925 711 3988 quodammodo
730 3925 850 3986 diruptas
868 3925 896 3975 et
914 3923 1065 3975 diminutas.

314 4017 349 4082 68)
372 4019 485 4070 Pactum
506 4019 723 4071 Trutmonianum
740 4019 837 4070 Latine
866 4019 992 4082 scriptum
1020 4017 1119 4080 legitur
1147 4016 1218 4078 apud
1241 4016 1344 4083 Brosiun,
1459 4016 1460 4044 ¹

247 4113 405 4167 Germanice
422 4115 451 4166 in
467 4113 567 4165 Hister.
586 4112 746 4177 Schauplatz
765 4113 833 4165 Ado.
851 4087 896 4166 dJ.
914 4127 940 4176 p.
960 4119 1069 4166 78-87.
1088 4111 1344 4173 Subscripserunttau
1458 4125 1460 4136 ³

246 4209 386 4262 Mauritius
403 4223 483 4274 quam
500 4209 629 4262 Ernestns
651 4211 679 4260 et
695 4210 873 4274 wolfgangus
897 4210 930 4260 cs.
955 4208 1081 4269 Heluing
1098 4205 1217 4257 Historia
1235 4207 1342 4260 Brauien·
1458 4205 1460 4209 ’

247 4303 511 4368 nurum-nomme
524 4305 560 4360 Π.
575 4313 598 4373 1,
616 4311 675 4360 287.
693 4306 804 4358 Pactum
822 4284 993 4355 constitutum
1011 4302 1052 4353 est
1069 4303 1095 4352 d.
1114 4308 1144 4353 31
1164 4315 1198 4351 m
1216 4302 1252 4352 Μ.
1268 4303 1293 4354 st.
1306 4300 1341 4360 vet,
1458 4284 1460 4328 5
