2980 5040
743 255 931 317 ..2-

264 441 406 507 rationes
428 441 577 524 politicas
599 439 878 523 Habsburgorum‚
901 440 1077 522 Saxonum,
1105 440 1254 520 Unionis,
1276 439 1390 522 Ligaa

265 552 308 618 ad
329 572 382 616 res
404 551 549 617 Juliccas
572 556 728 634 quantum
750 551 975 635 spectaverint,
999 571 1167 634 exponam.

329 663 447 728 Fontes
472 661 552 725 mihi
579 660 710 726 fuerunt
742 667 809 727 tam
838 669 913 728 acta
938 662 1083 746 publica,
1102 661 1224 726 *edicta
1250 662 1392 745 impera-v

264 773 345 840 toris
372 779 405 838 et
430 771 718 853 Praetendentnm,
749 773 852 838 libelli
878 773 929 836 vel
957 773 1171 837 accusationis
1198 771 1249 835 vel
1278 771 1392 836 defen-

265 885 363 950 sionis
386 904 485 949 causa
511 884 637 966 scripti,
672 903 770 967 quam
792 883 922 947 litterae
945 861 1164 966 imperatoris,
1196 882 1389 966 principum,

264 1015 391 1079 regum,
419 994 583 1074 Statuum,
612 999 749 1078 actaque
772 993 898 1073 diurna,
921 1013 1004 1076 quae
1027 993 1123 1057 Avisa
1144 993 1327 1073 nominant,
1355 999 1391 1057 et

264 1106 445 1189 legatorum
466 1104 623 1170 mandata
645 1110 743 1187 atque
765 1104 950 1168 relationes.

332 1216 380 1280 De
402 1214 544 1280 fontibus
566 1215 794 1298 manuscriptis
808 1220 845 1279 ut
860 1235 1024 1298 perpauca
1043 1214 1148 1278 dicam
1164 1213 1271 1278 liceat.
1294 1213 1382 1291 Quae

266 1327 306 1392 de
328 1325 541 1409 legationibus
564 1325 726 1390 Saxonum
746 1326 826 1389 1593
846 1331 879 1390 01
899 1325 974 1389 inde
998 1324 1039 1389 ab
1063 1323 1305 1389 ann01604ad
1325 1323 1379 1386 im-

264 1443 450 1524 peratorem
464 1437 580 1517 missis,
604 1457 751 1522 quaeque
774 1435 814 1500 (10
829 1435 950 1500 mutuis
966 1435 1299 1517 Brandenbnrgornm‚
1323 1435 1379 1498 Pa-

265 1548 447 1627 latincrum,
463 1547 608 1612 Mauritii
624 1547 809 1629 Hassiatici,
825 1545 1000 1612 Christiani
1014 1547 1138 1612 Daniae
1153 1546 1247 1628 regis,
1269 1545 1385 1610 litteris

265 1658 396 1740 tradidi,
419 1658 522 1724 debeo
544 1659 612 1722 viro
636 1659 674 1723 01.
689 1659 844 1744 Droysen‚
867 1657 922 1740 qui
942 1657 1057 1722 harum
1085 1678 1194 1722 rerum
1221 1657 1388 1722 scientiam

266 1790 306 1836 ex
328 1769 464 1836 archivis
487 1768 723 1834 Dresdcnsibus
746 1774 779 1832 et
801 1767 1062 1834 Berolineusibus
1086 1767 1294 1850 deprompsit.

328 1879 533 1944 Relationum
555 1885 665 1946 autem
686 1879 885 1944 Venetarum
908 1879 1107 1961 exemplaria
1128 1879 1177 1944 vir
1198 1877 1282 1942 doct.
1305 1877 1387 1940 Erd-

266 1989 523 2056 mannsdoerffer.
542 1989 754 2055 Universitati
773 1989 975 2054 Berolineusi
996 1989 1081 2054 inter
1101 1989 1252 2073 privatim
1273 1988 1388 2052 docen-

265 2107 316 2168 tes
337 2100 417 2166 mihi
438 2100 564 2167 obtulit.
608 2100 750 2180 Quarum
771 2101 966 2178 relationum
989 2100 1073 2166 aliae
1095 2101 1219 2182 Pragae
1243 2099 1385 2182 scriptae

266 2218 350 2294 sunt,
372 2213 457 2278 aliae
479 2211 567 2296 apud
589 2212 730 2277 Venetos
752 2213 850 2296 ipsos,
873 2211 957 2278 eliae
979 2213 1013 2276 in
1034 2211 1130 2276 terris
1145 2209 1379 2275 Juliacensibus

265 2323 369 2405 iisque
390 2321 512 2385 vicinis.
555 2321 742 2386 Relationes
768 2323 947 2404 Pragenses
975 2308 1233 2404 consciipserunt
1256 2319 1376 2384 Marino

268 2431 309 2498 de
331 2429 453 2498 cavalli
476 2429 563 2510 (inde
586 2453 606 2496 a
628 2430 681 2496 die
704 2432 733 2497 6.
755 2453 796 2496 m.
809 2431 885 2516 Apr.
903 2431 983 2494 1609
1000 2452 1102 2514 usque
1125 2431 1167 2496 ad
1190 2431 1277 2496 diem
1298 2429 1327 2495 5.
1342 2451 1384 2494 m.

268 2542 337 2608 Oct.
361 2541 456 2622 1609)
479 2547 512 2606 01
532 2541 723 2608 Franciscus
745 2542 846 2606 Priuli
869 2545 904 2620 (a
922 2541 952 2607 (1.
975 2541 1025 2607 28.
1047 2564 1088 2606 m.
1112 2542 1199 2626 Sept.
1221 2562 1326 2626 usque
1348 2541 1389 2617 ad

268 2653 535 2722 (121Λο1100.
561 2652 667 2736 1009).
717 2653 810 2718 Aliae
838 2651 1014 2718 relationes
1042 2674 1062 2718 a
1083 2653 1254 2718 Francisco
1284 2654 1390 2717 Moro-

268 2764 346 2844 sino,
369 2763 424 2848 qui
444 2762 487 2828 ad
510 2762 624 2826 ducem
640 2762 996 2846 Wuertembergensem
1010 2764 1128 2828 missus
1143 2770 1224 2845 erat,
1246 2762 1385 2842 scriptae

268 2878 355 2940 sunt:
379 2872 537 2940 accedunt
557 2871 732 2938 relationes
755 2873 795 2938 de
817 2873 1030 2958 legationibus
1046 2873 1175 2939 Danieli
1197 2873 1237 2939 ab
1254 2871 1383 2949 Hutten‚

267 3005 363 3070 quem
385 2983 546 3085 Neoburgi
568 2983 611 3049 ad
632 2983 865 3070 rempublicam
888 2984 1045 3050 miserant
1067 2984 1101 3078 [a
1117 2984 1146 3049 (1.
1172 2986 1220 3048 19.
1242 3003 1284 3046 m.
1298 2981 1388 3064 Sept.

267 3116 369 3182 usque
392 3094 543 3163 ed'diem
567 3095 616 3158 19.
638 3117 680 3159 m.
703 3095 779 3162 Dec.
797 3097 905 3174 1609).
942 3095 988 3160 In'
997 3097 1094 3160 terris
1115 3095 1194 3178 ipsis
1217 3095 1321 3176 iisque
1344 3093 1388 3156 vi-

267 3205 347 3270 cinis
368 3205 537 3269 Tomasius
561 3201 761 3270 contarenus
784 3206 839 3288 qui
862 3227 882 3270 a
904 3203 1026 3270 Senatu
1047 3205 1172 3271 Veneto
1195 3205 1229 3270 in
1251 3203 1387 3270 Germa·
1453 3239 1457 3249 ·

267 3315 355 3382 niam
376 3315 493 3382 missus
516 3315 556 3380 de
587 3321 677 3382 statu
703 3337 811 3380 rerum
832 3315 1099 3382 Hollandicarnm
1128 3323 1161 3381 et
1189 3315 1389 3382 Juliecarum

267 3427 469 3512 potissimum
499 3427 659 3510 cognovit,
688 3427 818 3512 scripsit
839 3428 881 3508 (a.
904 3427 957 3493 die
981 3427 1030 3492 20.
1052 3449 1094 3493 m.
1116 3428 1192 3514 Apr.
1222 3447 1323 3512 usque
1347 3426 1391 3490 ad

269 3537 299 3604 d.
322 3539 351 3601 7.
374 3559 416 3604 m.
438 3537 512 3604 Jun.
536 3537 641 3620 1861).

332 3647 529 3714 Conventum
555 3647 887 3732 Duesseldorpensem
912 3647 1044 3728 1591792
1074 3649 1220 3713 enarrari
1246 3648 1393 3714 codicem

269 3757 429 3844 quendam
469 3757 775 3844 Heidelbergensem
818 3764 947 3825 secutus
991 3757 1045 3838 (cf.
1082 3759 1116 3822 in
1151 3758 1392 3826 Dissertatione

268 3889 319 3954 rs·
336 3869 364 3934 ⁷·
385 3891 400 3934 s
424 3872 447 3948 t.
1049 3878 1055 3894 ·

332 3979 420 4059 Quae
449 3978 489 4044 de
516 3980 725 4066 occupatione
753 3985 915 4046 terrarum
937 4001 987 4046 οο.
1011 3979 1093 4043 1609
1116 3980 1214 4063 10010,
1237 4000 1391 4065 quaeque

269 4091 309 4158 de
337 4089 545 4157 conventibus
581 4089 729 4157 ordinum
760 4089 867 4156 Juliae
904 4088 1105 4175 aliarumque
1138 4097 1313 4173 terrarum,
1347 4089 1391 4156 de

268 4203 417 4288 pactione
433 4201 673 4283 Trutmoniana,
696 4201 736 4266 (10
751 4199 814 4264 fide
830 4200 872 4265 ab
892 4198 1055 4268 ordinibus
1076 4201 1162 4282 data,
1186 4179 1225 4266 de
1247 4202 1391 4268 adventu

269 4311 438 4394 Leopoldi,
475 4311 611 4396 aliisque
637 4310 733 4376 rebus
763 4312 917 4376 001609
947 4313 1085 4378 011610
1110 4313 1144 4374 in
1170 4311 1259 4376 Julia
1288 4313 1389 4396 gestis
