2980 5040
700 257 912 322 ,10-

316 443 556 510 Commisssarii
577 445 691 510 itidem
712 445 841 510 ordines
864 445 954 529 quod
978 467 998 510 a
1020 445 1100 510 duce
1127 445 1309 529 petiissent,
1336 451 1381 510 ut

250 556 418 641 privilegia
433 555 708 637 confirmarentur,
731 556 1017 640 reprehenderunt,
1039 556 1258 642 exclamantes
1273 555 1379 622 solius

251 667 456 750 imperatoris
479 687 550 732 esse
571 667 738 750 privilegia
761 667 887 733 cidare
903 666 1148 734 etconfirmare.
1176 667 1378 745 Quinetiam

251 782 350 862 atque
374 778 473 843 etiam
496 777 735 862 imperatorem,
759 799 856 862 quam
879 779 907 844 si
921 777 1028 844 nullus
1043 777 1148 844 adbuc
1162 779 1283 846 viseret
1297 777 1378 858 dux,

249 894 375 953 rectum
401 894 562 954 terrarum
590 911 661 954 esse
691 889 854 954 dominum
881 895 915 954 et
942 891 1071 954 unicum
1098 889 1161 954 huc
1183 911 1222 954 ac
1243 888 1318 954 illue
1340 889 1378 955 in

249 1001 361 1084 vulgus
384 1000 532 1066 edebant.
555 1037 597 1046 —

313 1111 382 1190 Quo
405 1112 552 1192 accessit,
575 1111 661 1196 quod
683 1112 895 1178 commissarii
917 1131 990 1176 cum
1010 1111 1051 1176 iis
1072 1111 1212 1176 maxime
1233 1133 1377 1177 commu·

249 1222 403 1288 nicabant
432 1223 581 1304 consilia,
618 1223 673 1306 qui
706 1223 871 1288 ordinibus
898 1221 1093 1288 odiosissimi
1122 1229 1229 1302 erant;
1266 1223 1376 1307 qualis

238 1313 381 1418 ‘praeter
403 1340 528 1399 ceteros
552 1333 729 1400 Guilelmus
753 1333 792 1398 de
815 1333 1023 1414 Waldeniels‚
1046 1333 1232 1416 cognomine
1256 1333 1376 1399 Schen-

248 1444 330 1510 kern
351 1445 544 1530 appellatus.
589 1446 663 1526 Qui,
693 1465 890 1530 quamquam
918 1444 994 1510 fidei
1020 1444 1199 1510 catholicae
1221 1449 1294 1510 erat
1315 1445 1373 1510 ad-

250 1555 369 1637 dictus,
406 1575 446 1622 ao
476 1555 566 1621 1591.
621 1556 729 1622 duliae
763 1555 880 1641 oppido
914 1577 934 1620 a
962 1556 1042 1621 duee
1073 1555 1257 1640 praefectus
1280 1556 1373 1641 esu),

248 1689 313 1734 non
341 1689 443 1752 parva
472 1667 595 1732 scilicet
622 1667 769 1732 ordinum
791 1667 1024 1732 Juliacensium
1052 1664 1288 1756 indignatione,
1319 1669 1374 1753 qui

249 1778 467 1864 proferebant,
490 1783 602 1843 contra
623 1778 711 1861 leges
734 1797 805 1842 esse
829 1783 862 1842 et
881 1777 957 1861 jura
979 1775 1066 1861 quod
1088 1778 1284 1843 eMontanis
1304 1779 1374 1863 qui-

250 1889 339 1970 dam,
363 1889 414 1954 cui
436 1910 552 1954 munus
574 1889 764 1954 mandatum
786 1894 873 1953 esset
894 1887 1036 1972 patrium
1059 1887 1132 1969 (fuit
1154 1889 1240 1952 enim
1255 1889 1374 1956 Schen-

248 1999 345 2065 kerus
366 1999 401 2064 in
423 1999 585 2065 Montibus
607 1999 876 2082 mareschalcus),
897 2000 931 2063 in
954 1999 1058 2064 altera
1072 2000 1245 2083 provincia,
1268 2002 1373 2084 qualis

248 2111 352 2192 dulia,
373 2111 459 2176 inter
480 2111 689 2194 magistratus
712 2111 921 2196 reciperetur.
965 2109 1038 2175 Dux
1061 2110 1201 2194 denique
1223 2113 1371 2194 precibus

248 2228 392 2288 statuum
428 2223 531 2288 victus
567 2223 665 2306 paulo
700 2223 790 2306 prius
827 2243 925 2306 quam
961 2222 1173 2287 commissarii
1209 2229 1366 2302 venerant,

251 2329 433 2398 Schenkero
456 2353 673 2397 successorem
695 2331 840 2396 dederat.
883 2331 944 2396 Ille
967 2337 1077 2396 autem
1099 2331 1208 2398 favore
1224 2335 1368 2400 commis-

249 2443 408 2510 sariorum
430 2443 573 2508 munitus
597 2449 655 2508 est.

313 2555 374 2634 Qui
395 2555 600 2639 imperatoris
622 2561 744 2638 quanto
767 2575 806 2618 ex
827 2574 888 2618 usu
903 2553 996 2634 foret,
1019 2553 1047 2618 si
1062 2552 1159 2634 Julia,
1182 2556 1270 2638 quod
1285 2559 1373 2643 oppi-

250 2666 327 2731 dum
348 2667 382 2730 in
404 2673 476 2732 tota
497 2667 660 2750 provincia
683 2671 769 2730 esset
791 2664 1010 2730 firmissimum
1032 2669 1257 2750 terrarumque
1280 2671 1370 2751 quasi

250 2783 358 2860 caput,
380 2778 415 2841 in
428 2782 625 2861 potestatem
646 2776 716 2860 ejus
742 2775 952 2858 redigeretur,
976 2795 1075 2858 quum
1089 2797 1153 2840 non
1167 2777 1365 2860 negligerent,

252 2887 471 2972 imperabant,
508 2893 544 2952 ut
575 2885 776 2952 Schenkerus
810 2907 876 2952 uon
909 2885 1005 2952 modo
1035 2887 1276 2968 restitueretur,
1311 2887 1368 2952 sed

250 3000 350 3066 etiam
372 3000 432 3067 sub
454 2999 582 3065 nominc
604 2998 809 3083 imperatoris
831 2997 953 3063 duliam
976 2997 1138 3064 detineret
1146 2999 1194 3076 ¹⁰).

314 3112 407 3177 Unde
428 3131 493 3174 nou
513 3111 635 3193 injusto
663 3109 784 3174 clamor
811 3109 953 3204 omnium
975 3113 1106 3174 exortus
1129 3115 1191 3188 est;
1226 3111 1372 3178 commis·

250 3223 353 3288 sarios
375 3219 522 3286 subditos
544 3218 586 3284 ab
608 3217 714 3283 officio
737 3218 866 3298 domini,
889 3237 986 3301 quam
1009 3219 1091 3282 siin
1113 3220 1244 3286 civitate
1266 3223 1372 3288 nullus

251 3340 346 3414 esset,
369 3330 565 3404 abducturos
589 3351 669 3396 esse.

314 3444 510 3522 Quibuscum
532 3441 748 3522 consentiunt,
775 3461 859 3524 quae
887 3439 1161 3526 supradiximus,
1189 3443 1372 3509 commissa·
1459 3457 1461 3464 “

250 3557 315 3624 rios
337 3575 504 3622 recusasse
527 3575 599 3620 cum
621 3551 817 3637 principibus
847 3551 920 3618 duci
941 3553 1096 3636 proximis
1118 3554 1371 3638 necessariisque

252 3795 409 3847 recantata
433 3793 546 3844 florebat
567 3791 691 3844 Vhiricus
714 3793 750 3841 ab
773 3791 884 3856 Dhaun,
913 3791 955 3841 cui
977 3790 1151 3840 Felkensteiu
1176 3793 1302 3858 namnet,
1329 3793 1370 3844 rei

212 3890 214 3896 '
254 3890 366 3941 manme
384 3887 553 3950 imperatoris
576 3887 603 3936 iu
625 3885 800 3947 suspicionem
818 3885 946 3936 adductus
964 3885 1031 3934 erat.
1066 3885 1173 3947 Mscrpt.
1191 3885 1303 3947 Hdlbrg.
1326 3887 1369 3937 ici.

255 3991 302 4038 1⁰1
321 3984 363 4035 bis
380 3988 439 4034 10¹1.

321 4077 342 4141 9)
361 4077 460 4129 chron.
478 4075 559 4126 Beeri
577 4087 594 4126 a
610 4074 683 4124 Lairr
700 4085 741 4124 ao.
760 4077 835 4124 roeo.

322 4171 355 4234 ¹⁰)
374 4171 543 4234 Quinetiam
568 4168 664 4218 litteris
682 4179 742 4217 eum
757 4166 914 4228 jusjurando
936 4166 964 4216 in
985 4166 1063 4217 fldem
1081 4167 1248 4228 imperatoris
1271 4168 1370 4230 oblim

255 4269 310 4318 tum
328 4265 422 4330 cuivis,
444 4263 489 4328 qui
506 4277 523 4313 a
540 4262 709 4324 nosnatura
733 4273 792 4311 eum
815 4271 951 4312 removere
974 4260 1104 4322 inciperet
1126 4263 1262 4328 conatum,
1284 4262 1370 4325 armis,

256 4361 279 4413 si
298 4373 364 4422 opus
381 4359 460 4424 esset,
477 4367 627 4420 repugnare
642 4356 785 4418 jusserunt
