<?xml version="1.0" encoding="UTF-8"?>
<!DOCTYPE html PUBLIC "-//W3C//DTD XHTML 1.0 Transitional//EN"
    "http://www.w3.org/TR/xhtml1/DTD/xhtml1-transitional.dtd">
<html xmlns="http://www.w3.org/1999/xhtml" xml:lang="en" lang="en">
 <head>
  <title>
</title>
<meta http-equiv="Content-Type" content="text/html;charset=utf-8" />
  <meta name='ocr-system' content='tesseract 3.04.00' />
  <meta name='ocr-capabilities' content='ocr_page ocr_carea ocr_par ocr_line ocrx_word'/>
</head>
<body>
  <div class='ocr_page' id='page_1' title='image "./deimperiobrande00hassgoog_0074.png"; bbox 0 0 2980 5040; ppageno 0'>
   <div class='ocr_carea' id='block_1_1' title="bbox 586 247 793 309">
    <p class='ocr_par' dir='ltr' id='par_1_1' title="bbox 586 247 793 309">
     <span class='ocr_line' id='line_1_1' title="bbox 586 247 793 309; baseline 0 -15"><span class='ocrx_word' id='word_1_1' title='bbox 586 247 793 309; x_wconf 68' lang='lat'>..61-</span> 
     </span>
    </p>
   </div>
   <div class='ocr_carea' id='block_1_2' title="bbox 144 431 1313 742">
    <p class='ocr_par' dir='ltr' id='par_1_2' title="bbox 144 431 1313 742">
     <span class='ocr_line' id='line_1_2' title="bbox 210 431 1261 521; baseline 0.007 -26"><span class='ocrx_word' id='word_1_2' title='bbox 210 431 464 498; x_wconf 86' lang='lat' dir='ltr'>Hohenzollerus</span> <span class='ocrx_word' id='word_1_3' title='bbox 486 437 595 498; x_wconf 88' lang='lat' dir='ltr'>tamen</span> <span class='ocrx_word' id='word_1_4' title='bbox 625 439 693 500; x_wconf 88' lang='lat' dir='ltr'>tam</span> <span class='ocrx_word' id='word_1_5' title='bbox 716 434 842 500; x_wconf 84' lang='lat' dir='ltr'>ordines</span> <span class='ocrx_word' id='word_1_6' title='bbox 865 435 1047 518; x_wconf 88' lang='lat' dir='ltr'>circumire,</span> <span class='ocrx_word' id='word_1_7' title='bbox 1074 456 1171 521; x_wconf 91' lang='lat' dir='ltr'>quam</span> <span class='ocrx_word' id='word_1_8' title='bbox 1193 437 1261 502; x_wconf 89' lang='lat' dir='ltr'>aui·</span> 
     </span>
     <span class='ocr_line' id='line_1_3' title="bbox 144 543 1313 633; baseline 0.006 -25"><span class='ocrx_word' id='word_1_9' title='bbox 144 563 214 608; x_wconf 85' lang='lat' dir='ltr'>mos</span> <span class='ocrx_word' id='word_1_10' title='bbox 236 543 411 610; x_wconf 90' lang='lat' dir='ltr'>sollicitare</span> <span class='ocrx_word' id='word_1_11' title='bbox 433 565 500 616; x_wconf 64' lang='lat' dir='ltr'>non,</span> <span class='ocrx_word' id='word_1_12' title='bbox 525 543 630 611; x_wconf 87' lang='lat' dir='ltr'>desiit.</span> <span class='ocrx_word' id='word_1_13' title='bbox 673 546 785 632; x_wconf 83' lang='lat' dir='ltr'>Neque</span> <span class='ocrx_word' id='word_1_14' title='bbox 810 544 952 612; x_wconf 89' lang='lat' dir='ltr'>dubitari</span> <span class='ocrx_word' id='word_1_15' title='bbox 971 547 1079 633; x_wconf 88' lang='lat' dir='ltr'>potuit</span> <span class='ocrx_word' id='word_1_16' title='bbox 1105 547 1261 614; x_wconf 88' lang='lat' dir='ltr'>mandata</span> <span class='ocrx_word' id='word_1_17' title='bbox 1311 610 1313 615; x_wconf 87' lang='lat'>.</span> 
     </span>
     <span class='ocr_line' id='line_1_4' title="bbox 145 655 463 742; baseline -0.006 -20"><span class='ocrx_word' id='word_1_18' title='bbox 145 655 214 742; x_wconf 90' lang='lat' dir='ltr'>ejus</span> <span class='ocrx_word' id='word_1_19' title='bbox 237 676 323 742; x_wconf 87' lang='lat' dir='ltr'>quae</span> <span class='ocrx_word' id='word_1_20' title='bbox 346 659 463 722; x_wconf 83' lang='lat' dir='ltr'><strong>essent.</strong></span> 
     </span>
    </p>
   </div>
   <div class='ocr_carea' id='block_1_3' title="bbox 185 841 1213 1042">
    <p class='ocr_par' dir='ltr' id='par_1_3' title="bbox 185 841 1213 1042">
     <span class='ocr_line' id='line_1_5' title="bbox 185 841 1213 930; baseline 0 -19"><span class='ocrx_word' id='word_1_21' title='bbox 185 845 231 913; x_wconf 86' lang='lat' dir='ltr'>Do</span> <span class='ocrx_word' id='word_1_22' title='bbox 254 841 368 912; x_wconf 87' lang='lat' dir='ltr'>edictis</span> <span class='ocrx_word' id='word_1_23' title='bbox 390 846 596 930; x_wconf 88' lang='lat' dir='ltr'>imperatoris</span> <span class='ocrx_word' id='word_1_24' title='bbox 618 847 651 912; x_wconf 87' lang='lat' dir='ltr'>et</span> <span class='ocrx_word' id='word_1_25' title='bbox 673 842 711 914; x_wconf 89' lang='lat' dir='ltr'>do</span> <span class='ocrx_word' id='word_1_26' title='bbox 733 847 898 914; x_wconf 84' lang='lat' dir='ltr'>conatibus</span> <span class='ocrx_word' id='word_1_27' title='bbox 920 849 1213 916; x_wconf 70' lang='lat' dir='ltr'><strong>commissariorum.</strong></span> 
     </span>
     <span class='ocr_line' id='line_1_6' title="bbox 305 955 1119 1042; baseline 0.006 -19"><span class='ocrx_word' id='word_1_28' title='bbox 305 955 436 1024; x_wconf 89' lang='lat' dir='ltr'>Ordines</span> <span class='ocrx_word' id='word_1_29' title='bbox 458 957 493 1022; x_wconf 92' lang='lat' dir='ltr'>in</span> <span class='ocrx_word' id='word_1_30' title='bbox 513 955 604 1023; x_wconf 85' lang='lat' dir='ltr'>idem</span> <span class='ocrx_word' id='word_1_31' title='bbox 626 955 889 1025; x_wconf 87' lang='lat' dir='ltr'>Praeteudontnm</span> <span class='ocrx_word' id='word_1_32' title='bbox 911 959 1071 1042; x_wconf 86' lang='lat' dir='ltr'>accipiunt</span> <span class='ocrx_word' id='word_1_33' title='bbox 1112 1007 1119 1028; x_wconf 91' lang='lat'>.</span> 
     </span>
    </p>
   </div>
   <div class='ocr_carea' id='block_1_4' title="bbox 136 1089 1261 2625">
    <p class='ocr_par' dir='ltr' id='par_1_4' title="bbox 136 1089 1261 2288">
     <span class='ocr_line' id='line_1_7' title="bbox 206 1089 1261 1177; baseline 0.004 -21"><span class='ocrx_word' id='word_1_34' title='bbox 206 1091 277 1170; x_wconf 87' lang='lat' dir='ltr'>Qua</span> <span class='ocrx_word' id='word_1_35' title='bbox 298 1091 422 1165; x_wconf 82' lang='lat' dir='ltr'>ratione</span> <span class='ocrx_word' id='word_1_36' title='bbox 443 1091 577 1176; x_wconf 86' lang='lat' dir='ltr'>politica</span> <span class='ocrx_word' id='word_1_37' title='bbox 598 1089 647 1156; x_wconf 91' lang='lat' dir='ltr'>his</span> <span class='ocrx_word' id='word_1_38' title='bbox 666 1091 736 1175; x_wconf 87' lang='lat' dir='ltr'>jam</span> <span class='ocrx_word' id='word_1_39' title='bbox 758 1091 869 1158; x_wconf 90' lang='lat' dir='ltr'>diebus</span> <span class='ocrx_word' id='word_1_40' title='bbox 883 1093 1061 1177; x_wconf 88' lang='lat' dir='ltr'>imperator</span> <span class='ocrx_word' id='word_1_41' title='bbox 1074 1115 1152 1160; x_wconf 89' lang='lat' dir='ltr'>usus</span> <span class='ocrx_word' id='word_1_42' title='bbox 1174 1100 1261 1160; x_wconf 87' lang='lat' dir='ltr'>essct</span> 
     </span>
     <span class='ocr_line' id='line_1_8' title="bbox 143 1200 1261 1289; baseline 0.005 -23"><span class='ocrx_word' id='word_1_43' title='bbox 143 1223 248 1288; x_wconf 86' lang='lat' dir='ltr'>nuper</span> <span class='ocrx_word' id='word_1_44' title='bbox 269 1201 455 1288; x_wconf 87' lang='lat' dir='ltr'>Droysenus</span> <span class='ocrx_word' id='word_1_45' title='bbox 482 1201 619 1268; x_wconf 83' lang='lat' dir='ltr'>edocuit.</span> <span class='ocrx_word' id='word_1_46' title='bbox 663 1200 772 1286; x_wconf 89' lang='lat' dir='ltr'><strong>Usque</strong></span> <span class='ocrx_word' id='word_1_47' title='bbox 787 1203 843 1269; x_wconf 80' lang='lat' dir='ltr'>¹ad</span> <span class='ocrx_word' id='word_1_48' title='bbox 864 1204 925 1270; x_wconf 89' lang='lat' dir='ltr'>hoo</span> <span class='ocrx_word' id='word_1_49' title='bbox 949 1205 983 1270; x_wconf 92' lang='lat' dir='ltr'>in</span> <span class='ocrx_word' id='word_1_50' title='bbox 1005 1205 1081 1272; x_wconf 89' lang='lat' dir='ltr'>aula</span> <span class='ocrx_word' id='word_1_51' title='bbox 1101 1205 1261 1289; x_wconf 81' lang='lat' dir='ltr'>Pragiana</span> 
     </span>
     <span class='ocr_line' id='line_1_9' title="bbox 140 1313 1260 1400; baseline 0.004 -22"><span class='ocrx_word' id='word_1_52' title='bbox 140 1313 225 1380; x_wconf 89' lang='lat' dir='ltr'>duae</span> <span class='ocrx_word' id='word_1_53' title='bbox 246 1319 367 1400; x_wconf 90' lang='lat' dir='ltr'>partes,</span> <span class='ocrx_word' id='word_1_54' title='bbox 389 1334 526 1398; x_wconf 89' lang='lat' dir='ltr'>quarum</span> <span class='ocrx_word' id='word_1_55' title='bbox 548 1318 686 1398; x_wconf 88' lang='lat' dir='ltr'>utraque</span> <span class='ocrx_word' id='word_1_56' title='bbox 713 1313 940 1398; x_wconf 78' lang='lat' dir='ltr'>imperatorem</span> <span class='ocrx_word' id='word_1_57' title='bbox 965 1316 1009 1382; x_wconf 91' lang='lat' dir='ltr'>ad</span> <span class='ocrx_word' id='word_1_58' title='bbox 1030 1337 1122 1383; x_wconf 90' lang='lat' dir='ltr'>suam</span> <span class='ocrx_word' id='word_1_59' title='bbox 1143 1315 1260 1400; x_wconf 89' lang='lat' dir='ltr'>perdu-</span> 
     </span>
     <span class='ocr_line' id='line_1_10' title="bbox 140 1423 1259 1506; baseline 0.004 -16"><span class='ocrx_word' id='word_1_60' title='bbox 140 1447 214 1491; x_wconf 92' lang='lat' dir='ltr'>cere</span> <span class='ocrx_word' id='word_1_61' title='bbox 243 1425 438 1492; x_wconf 87' lang='lat' dir='ltr'>sententiam</span> <span class='ocrx_word' id='word_1_62' title='bbox 466 1423 632 1506; x_wconf 79' lang='lat' dir='ltr'>studebat,</span> <span class='ocrx_word' id='word_1_63' title='bbox 666 1424 706 1490; x_wconf 92' lang='lat' dir='ltr'>de</span> <span class='ocrx_word' id='word_1_64' title='bbox 735 1425 831 1492; x_wconf 86' lang='lat' dir='ltr'>rebus</span> <span class='ocrx_word' id='word_1_65' title='bbox 861 1425 996 1492; x_wconf 84' lang='lat' dir='ltr'>Juliacis</span> <span class='ocrx_word' id='word_1_66' title='bbox 1030 1426 1259 1494; x_wconf 86' lang='lat' dir='ltr'>dissenserant.</span> 
     </span>
     <span class='ocr_line' id='line_1_11' title="bbox 139 1534 1261 1623; baseline 0.003 -21"><span class='ocrx_word' id='word_1_67' title='bbox 139 1537 272 1602; x_wconf 87' lang='lat' dir='ltr'>Alteras</span> <span class='ocrx_word' id='word_1_68' title='bbox 295 1537 381 1602; x_wconf 92' lang='lat' dir='ltr'>enim</span> <span class='ocrx_word' id='word_1_69' title='bbox 402 1540 524 1620; x_wconf 88' lang='lat' dir='ltr'>partes,</span> <span class='ocrx_word' id='word_1_70' title='bbox 549 1535 635 1601; x_wconf 90' lang='lat' dir='ltr'>inter</span> <span class='ocrx_word' id='word_1_71' title='bbox 657 1557 737 1620; x_wconf 86' lang='lat' dir='ltr'>quas</span> <span class='ocrx_word' id='word_1_72' title='bbox 754 1534 969 1604; x_wconf 85' lang='lat' dir='ltr'>Geizkoflerus</span> <span class='ocrx_word' id='word_1_73' title='bbox 990 1559 1033 1604; x_wconf 90' lang='lat' dir='ltr'>m.</span> <span class='ocrx_word' id='word_1_74' title='bbox 1052 1538 1141 1623; x_wconf 90' lang='lat' dir='ltr'>Majo</span> <span class='ocrx_word' id='word_1_75' title='bbox 1161 1538 1261 1606; x_wconf 80' lang='lat' dir='ltr'>verba</span> 
     </span>
     <span class='ocr_line' id='line_1_12' title="bbox 140 1633 1260 1732; baseline 0.002 -20"><span class='ocrx_word' id='word_1_76' title='bbox 140 1633 231 1730; x_wconf 87' lang='lat' dir='ltr'>iecit,</span> <span class='ocrx_word' id='word_1_77' title='bbox 254 1669 353 1732; x_wconf 88' lang='lat' dir='ltr'>quum</span> <span class='ocrx_word' id='word_1_78' title='bbox 375 1653 481 1714; x_wconf 88' lang='lat' dir='ltr'>metus</span> <span class='ocrx_word' id='word_1_79' title='bbox 504 1652 605 1730; x_wconf 89' lang='lat' dir='ltr'>esset,</span> <span class='ocrx_word' id='word_1_80' title='bbox 627 1667 667 1712; x_wconf 88' lang='lat' dir='ltr'>ue</span> <span class='ocrx_word' id='word_1_81' title='bbox 690 1645 809 1714; x_wconf 92' lang='lat' dir='ltr'>bellum</span> <span class='ocrx_word' id='word_1_82' title='bbox 831 1668 904 1714; x_wconf 88' lang='lat' dir='ltr'>cum</span> <span class='ocrx_word' id='word_1_83' title='bbox 924 1648 1145 1732; x_wconf 79' lang='lat' dir='ltr'>Francogallis</span> <span class='ocrx_word' id='word_1_84' title='bbox 1167 1669 1260 1716; x_wconf 86' lang='lat' dir='ltr'>exar-</span> 
     </span>
     <span class='ocr_line' id='line_1_13' title="bbox 140 1757 1260 1843; baseline 0.002 -20"><span class='ocrx_word' id='word_1_85' title='bbox 140 1757 296 1841; x_wconf 90' lang='lat' dir='ltr'>desceret,</span> <span class='ocrx_word' id='word_1_86' title='bbox 319 1764 490 1826; x_wconf 87' lang='lat' dir='ltr'>suaserant</span> <span class='ocrx_word' id='word_1_87' title='bbox 511 1764 548 1824; x_wconf 91' lang='lat' dir='ltr'>ut</span> <span class='ocrx_word' id='word_1_88' title='bbox 562 1759 740 1843; x_wconf 85' lang='lat' dir='ltr'>imperator</span> <span class='ocrx_word' id='word_1_89' title='bbox 754 1759 852 1824; x_wconf 87' lang='lat' dir='ltr'>armis</span> <span class='ocrx_word' id='word_1_90' title='bbox 868 1759 1056 1841; x_wconf 87' lang='lat' dir='ltr'>abstineret,</span> <span class='ocrx_word' id='word_1_91' title='bbox 1068 1759 1107 1840; x_wconf 79' lang='lat'>³¹)</span> <span class='ocrx_word' id='word_1_92' title='bbox 1130 1767 1164 1828; x_wconf 87' lang='lat' dir='ltr'>et</span> <span class='ocrx_word' id='word_1_93' title='bbox 1185 1781 1260 1826; x_wconf 88' lang='lat' dir='ltr'>oon·</span> 
     </span>
     <span class='ocr_line' id='line_1_14' title="bbox 137 1869 1259 1955; baseline 0.003 -20"><span class='ocrx_word' id='word_1_94' title='bbox 137 1870 313 1936; x_wconf 86' lang='lat' dir='ltr'>troversias</span> <span class='ocrx_word' id='word_1_95' title='bbox 329 1870 491 1936; x_wconf 88' lang='lat' dir='ltr'>sententia</span> <span class='ocrx_word' id='word_1_96' title='bbox 506 1869 647 1954; x_wconf 90' lang='lat' dir='ltr'>quadam</span> <span class='ocrx_word' id='word_1_97' title='bbox 659 1869 804 1955; x_wconf 89' lang='lat' dir='ltr'>judicum</span> <span class='ocrx_word' id='word_1_98' title='bbox 818 1869 1021 1954; x_wconf 81' lang='lat' dir='ltr'>imperalium</span> <span class='ocrx_word' id='word_1_99' title='bbox 1037 1877 1259 1955; x_wconf 85' lang='lat' dir='ltr'>componeret:</span> 
     </span>
     <span class='ocr_line' id='line_1_15' title="bbox 136 1979 1260 2068; baseline 0.001 -21"><span class='ocrx_word' id='word_1_100' title='bbox 136 1982 262 2048; x_wconf 90' lang='lat' dir='ltr'>alterae</span> <span class='ocrx_word' id='word_1_101' title='bbox 285 1987 395 2047; x_wconf 90' lang='lat' dir='ltr'>autem</span> <span class='ocrx_word' id='word_1_102' title='bbox 417 1979 685 2064; x_wconf 83' lang='lat' dir='ltr'>adhortabantur,</span> <span class='ocrx_word' id='word_1_103' title='bbox 708 1986 745 2048; x_wconf 90' lang='lat' dir='ltr'>ut</span> <span class='ocrx_word' id='word_1_104' title='bbox 765 2001 834 2046; x_wconf 88' lang='lat' dir='ltr'>rem</span> <span class='ocrx_word' id='word_1_105' title='bbox 848 1980 1009 2046; x_wconf 88' lang='lat' dir='ltr'>Juliaoam</span> <span class='ocrx_word' id='word_1_106' title='bbox 1029 2001 1095 2052; x_wconf 85' lang='lat' dir='ltr'>non</span> <span class='ocrx_word' id='word_1_107' title='bbox 1116 2003 1189 2055; x_wconf 85' lang='lat' dir='ltr'>cum</span> <span class='ocrx_word' id='word_1_108' title='bbox 1207 1984 1260 2068; x_wconf 87' lang='lat' dir='ltr'>ju·</span> 
     </span>
     <span class='ocr_line' id='line_1_16' title="bbox 136 2090 1259 2178; baseline 0.003 -20"><span class='ocrx_word' id='word_1_109' title='bbox 136 2091 261 2158; x_wconf 89' lang='lat' dir='ltr'>dicibus</span> <span class='ocrx_word' id='word_1_110' title='bbox 289 2091 501 2172; x_wconf 79' lang='lat' dir='ltr'>oonsudtaret,</span> <span class='ocrx_word' id='word_1_111' title='bbox 538 2090 597 2156; x_wconf 89' lang='lat' dir='ltr'>sed</span> <span class='ocrx_word' id='word_1_112' title='bbox 617 2111 668 2156; x_wconf 89' lang='lat' dir='ltr'>ex</span> <span class='ocrx_word' id='word_1_113' title='bbox 703 2093 843 2160; x_wconf 90' lang='lat' dir='ltr'>utilitate</span> <span class='ocrx_word' id='word_1_114' title='bbox 875 2091 988 2159; x_wconf 90' lang='lat' dir='ltr'>domus</span> <span class='ocrx_word' id='word_1_115' title='bbox 1015 2091 1259 2178; x_wconf 84' lang='lat' dir='ltr'>Habsburgioae</span> 
     </span>
     <span class='ocr_line' id='line_1_17' title="bbox 136 2199 492 2288; baseline -0.008 -17"><span class='ocrx_word' id='word_1_116' title='bbox 136 2205 236 2271; x_wconf 90' lang='lat' dir='ltr'>armis</span> <span class='ocrx_word' id='word_1_117' title='bbox 257 2209 438 2288; x_wconf 83' lang='lat' dir='ltr'>perageret.</span> <span class='ocrx_word' id='word_1_118' title='bbox 452 2199 492 2283; x_wconf 74' lang='lat'>⁸⁹)</span> 
     </span>
    </p>

    <p class='ocr_par' dir='ltr' id='par_1_5' title="bbox 136 2312 1260 2625">
     <span class='ocr_line' id='line_1_18' title="bbox 203 2312 1260 2401; baseline 0.001 -19"><span class='ocrx_word' id='word_1_119' title='bbox 203 2317 395 2401; x_wconf 85' lang='lat' dir='ltr'>Imperator,</span> <span class='ocrx_word' id='word_1_120' title='bbox 418 2314 474 2400; x_wconf 92' lang='lat' dir='ltr'>qui</span> <span class='ocrx_word' id='word_1_121' title='bbox 495 2314 529 2378; x_wconf 92' lang='lat' dir='ltr'>in</span> <span class='ocrx_word' id='word_1_122' title='bbox 543 2312 602 2379; x_wconf 86' lang='lat' dir='ltr'>has</span> <span class='ocrx_word' id='word_1_123' title='bbox 619 2313 798 2381; x_wconf 88' lang='lat' dir='ltr'>contrarias</span> <span class='ocrx_word' id='word_1_124' title='bbox 816 2313 993 2380; x_wconf 86' lang='lat' dir='ltr'>sententias</span> <span class='ocrx_word' id='word_1_125' title='bbox 1008 2312 1260 2400; x_wconf 84' lang='lat' dir='ltr'>distrahebatur,</span> 
     </span>
     <span class='ocr_line' id='line_1_19' title="bbox 137 2405 1259 2512; baseline 0.002 -20"><span class='ocrx_word' id='word_1_126' title='bbox 137 2447 221 2511; x_wconf 90' lang='lat' dir='ltr'>quae</span> <span class='ocrx_word' id='word_1_127' title='bbox 249 2427 279 2492; x_wconf 94' lang='lat' dir='ltr'>d.</span> <span class='ocrx_word' id='word_1_128' title='bbox 309 2427 360 2492; x_wconf 77' lang='lat' dir='ltr'>at.</span> <span class='ocrx_word' id='word_1_129' title='bbox 383 2447 424 2492; x_wconf 93' lang='lat' dir='ltr'>m.</span> <span class='ocrx_word' id='word_1_130' title='bbox 447 2425 528 2510; x_wconf 87' lang='lat' dir='ltr'>Maji</span> <span class='ocrx_word' id='word_1_131' title='bbox 551 2423 712 2507; x_wconf 84' lang='lat' dir='ltr'>edixerat,</span> <span class='ocrx_word' id='word_1_132' title='bbox 734 2431 772 2490; x_wconf 91' lang='lat' dir='ltr'>ut</span> <span class='ocrx_word' id='word_1_133' title='bbox 792 2405 1061 2508; x_wconf 82' lang='lat' dir='ltr'>Praetendeutes,</span> <span class='ocrx_word' id='word_1_134' title='bbox 1084 2431 1259 2512; x_wconf 87' lang='lat' dir='ltr'>antequam</span> 
     </span>
     <span class='ocr_line' id='line_1_20' title="bbox 136 2537 1259 2625; baseline 0 -21"><span class='ocrx_word' id='word_1_135' title='bbox 136 2544 291 2625; x_wconf 87' lang='lat' dir='ltr'>quattuor</span> <span class='ocrx_word' id='word_1_136' title='bbox 312 2559 440 2604; x_wconf 90' lang='lat' dir='ltr'>menses</span> <span class='ocrx_word' id='word_1_137' title='bbox 470 2537 650 2622; x_wconf 88' lang='lat' dir='ltr'>consumpti</span> <span class='ocrx_word' id='word_1_138' title='bbox 681 2541 804 2618; x_wconf 89' lang='lat' dir='ltr'>essent,</span> <span class='ocrx_word' id='word_1_139' title='bbox 835 2558 949 2604; x_wconf 88' lang='lat' dir='ltr'>causas</span> <span class='ocrx_word' id='word_1_140' title='bbox 977 2546 1053 2604; x_wconf 87' lang='lat' dir='ltr'>suas</span> <span class='ocrx_word' id='word_1_141' title='bbox 1078 2538 1122 2604; x_wconf 91' lang='lat' dir='ltr'>ad</span> <span class='ocrx_word' id='word_1_142' title='bbox 1149 2539 1259 2606; x_wconf 87' lang='lat' dir='ltr'>aulam</span> 
     </span>
    </p>
   </div>
   <div class='ocr_carea' id='block_1_5' title="bbox 135 2646 1259 2736">
    <p class='ocr_par' dir='ltr' id='par_1_6' title="bbox 135 2646 1259 2736">
     <span class='ocr_line' id='line_1_21' title="bbox 135 2646 1259 2736; baseline -0.001 -20"><span class='ocrx_word' id='word_1_143' title='bbox 135 2650 343 2736; x_wconf 87' lang='lat' dir='ltr'>imperatoris</span> <span class='ocrx_word' id='word_1_144' title='bbox 365 2649 564 2734; x_wconf 79' lang='lat' dir='ltr'>proferrent,</span> <span class='ocrx_word' id='word_1_145' title='bbox 588 2648 618 2713; x_wconf 91' lang='lat' dir='ltr'>d.</span> <span class='ocrx_word' id='word_1_146' title='bbox 641 2647 669 2712; x_wconf 93' lang='lat'>8.</span> <span class='ocrx_word' id='word_1_147' title='bbox 692 2667 734 2712; x_wconf 89' lang='lat' dir='ltr'>m.</span> <span class='ocrx_word' id='word_1_148' title='bbox 756 2647 830 2712; x_wconf 85' lang='lat' dir='ltr'>Jun.</span> <span class='ocrx_word' id='word_1_149' title='bbox 851 2646 993 2713; x_wconf 89' lang='lat' dir='ltr'>nondum</span> <span class='ocrx_word' id='word_1_150' title='bbox 1014 2647 1259 2733; x_wconf 81' lang='lat' dir='ltr'>subscripserat.</span> 
     </span>
    </p>
   </div>
   <div class='ocr_carea' id='block_1_6' title="bbox 135 2757 1367 2844">
    <p class='ocr_par' dir='ltr' id='par_1_7' title="bbox 135 2757 1367 2844">
     <span class='ocr_line' id='line_1_22' title="bbox 135 2757 1367 2844; baseline -0.002 -16"><span class='ocrx_word' id='word_1_151' title='bbox 135 2762 267 2828; x_wconf 90' lang='lat' dir='ltr'>Interea</span> <span class='ocrx_word' id='word_1_152' title='bbox 294 2761 324 2828; x_wconf 91' lang='lat' dir='ltr'>d.</span> <span class='ocrx_word' id='word_1_153' title='bbox 349 2763 377 2824; x_wconf 82' lang='lat'>7.</span> <span class='ocrx_word' id='word_1_154' title='bbox 406 2781 449 2826; x_wconf 91' lang='lat' dir='ltr'>m.</span> <span class='ocrx_word' id='word_1_155' title='bbox 471 2757 706 2844; x_wconf 72' lang='lat' dir='ltr'>Jun.-pragam</span> <span class='ocrx_word' id='word_1_156' title='bbox 728 2758 912 2825; x_wconf 88' lang='lat' dir='ltr'>nuntiatum</span> <span class='ocrx_word' id='word_1_157' title='bbox 939 2764 1003 2841; x_wconf 90' lang='lat' dir='ltr'>est,</span> <span class='ocrx_word' id='word_1_158' title='bbox 1029 2758 1063 2824; x_wconf 91' lang='lat' dir='ltr'>in</span> <span class='ocrx_word' id='word_1_159' title='bbox 1084 2759 1181 2826; x_wconf 87' lang='lat' dir='ltr'>terris</span> <span class='ocrx_word' id='word_1_160' title='bbox 1202 2759 1260 2827; x_wconf 79' lang='lat' dir='ltr'>du·</span> <span class='ocrx_word' id='word_1_161' title='bbox 1362 2807 1367 2816; x_wconf 82' lang='lat'><em>-</em></span> 
     </span>
    </p>
   </div>
   <div class='ocr_carea' id='block_1_7' title="bbox 133 2869 1260 3179">
    <p class='ocr_par' dir='ltr' id='par_1_8' title="bbox 133 2869 1260 3179">
     <span class='ocr_line' id='line_1_23' title="bbox 133 2869 1260 2956; baseline 0.001 -18"><span class='ocrx_word' id='word_1_162' title='bbox 133 2873 227 2940; x_wconf 87' lang='lat' dir='ltr'>liacis</span> <span class='ocrx_word' id='word_1_163' title='bbox 248 2872 362 2939; x_wconf 88' lang='lat' dir='ltr'>foedus</span> <span class='ocrx_word' id='word_1_164' title='bbox 383 2871 565 2956; x_wconf 89' lang='lat' dir='ltr'>principum</span> <span class='ocrx_word' id='word_1_165' title='bbox 586 2871 705 2955; x_wconf 87' lang='lat' dir='ltr'>parari.</span> <span class='ocrx_word' id='word_1_166' title='bbox 717 2869 756 2950; x_wconf 84' lang='lat'>⁸³)</span> <span class='ocrx_word' id='word_1_167' title='bbox 799 2869 912 2955; x_wconf 90' lang='lat' dir='ltr'>Itaque</span> <span class='ocrx_word' id='word_1_168' title='bbox 927 2870 1085 2938; x_wconf 89' lang='lat' dir='ltr'>Rudolfus</span> <span class='ocrx_word' id='word_1_169' title='bbox 1106 2893 1171 2938; x_wconf 92' lang='lat' dir='ltr'>non</span> <span class='ocrx_word' id='word_1_170' title='bbox 1191 2871 1260 2939; x_wconf 89' lang='lat' dir='ltr'>lon·</span> 
     </span>
     <span class='ocr_line' id='line_1_24' title="bbox 134 2977 1260 3068; baseline 0 -19"><span class='ocrx_word' id='word_1_171' title='bbox 134 2985 205 3068; x_wconf 83' lang='lat' dir='ltr'>gius</span> <span class='ocrx_word' id='word_1_172' title='bbox 227 2989 398 3049; x_wconf 88' lang='lat' dir='ltr'>cunctatus</span> <span class='ocrx_word' id='word_1_173' title='bbox 420 2988 485 3063; x_wconf 88' lang='lat' dir='ltr'>cst;</span> <span class='ocrx_word' id='word_1_174' title='bbox 515 2981 568 3047; x_wconf 84' lang='lat' dir='ltr'>vel</span> <span class='ocrx_word' id='word_1_175' title='bbox 588 2982 659 3064; x_wconf 91' lang='lat' dir='ltr'>ipso</span> <span class='ocrx_word' id='word_1_176' title='bbox 682 2981 712 3046; x_wconf 91' lang='lat' dir='ltr'>d.</span> <span class='ocrx_word' id='word_1_177' title='bbox 736 2977 764 3046; x_wconf 89' lang='grc'>8.</span> <span class='ocrx_word' id='word_1_178' title='bbox 786 3001 828 3046; x_wconf 91' lang='lat' dir='ltr'>m.</span> <span class='ocrx_word' id='word_1_179' title='bbox 851 2982 939 3063; x_wconf 78' lang='lat' dir='ltr'>Jun.,</span> <span class='ocrx_word' id='word_1_180' title='bbox 965 2981 1016 3046; x_wconf 89' lang='lat' dir='ltr'>vel</span> <span class='ocrx_word' id='word_1_181' title='bbox 1043 2983 1141 3066; x_wconf 82' lang='lat' dir='ltr'>paulo</span> <span class='ocrx_word' id='word_1_182' title='bbox 1163 2982 1260 3049; x_wconf 92' lang='lat' dir='ltr'>modo</span> 
     </span>
     <span class='ocr_line' id='line_1_25' title="bbox 134 3090 1259 3179; baseline -0.002 -19"><span class='ocrx_word' id='word_1_183' title='bbox 134 3100 222 3179; x_wconf 87' lang='lat' dir='ltr'>post,</span> <span class='ocrx_word' id='word_1_184' title='bbox 245 3093 386 3160; x_wconf 88' lang='lat' dir='ltr'>edictum</span> <span class='ocrx_word' id='word_1_185' title='bbox 401 3093 528 3159; x_wconf 91' lang='lat' dir='ltr'>nomine</span> <span class='ocrx_word' id='word_1_186' title='bbox 545 3113 602 3158; x_wconf 90' lang='lat' dir='ltr'>suo</span> <span class='ocrx_word' id='word_1_187' title='bbox 618 3091 740 3174; x_wconf 83' lang='lat' dir='ltr'>sanxit,</span> <span class='ocrx_word' id='word_1_188' title='bbox 760 3113 836 3157; x_wconf 92' lang='lat' dir='ltr'>nam</span> <span class='ocrx_word' id='word_1_189' title='bbox 851 3090 881 3156; x_wconf 90' lang='lat' dir='ltr'>d.</span> <span class='ocrx_word' id='word_1_190' title='bbox 899 3093 947 3156; x_wconf 77' lang='lat'>17.</span> <span class='ocrx_word' id='word_1_191' title='bbox 962 3112 1004 3158; x_wconf 93' lang='lat' dir='ltr'>m.</span> <span class='ocrx_word' id='word_1_192' title='bbox 1018 3091 1094 3156; x_wconf 87' lang='lat' dir='ltr'>Jun.</span> <span class='ocrx_word' id='word_1_193' title='bbox 1116 3091 1259 3158; x_wconf 88' lang='lat' dir='ltr'>edictum</span> 
     </span>
    </p>
   </div>
   <div class='ocr_carea' id='block_1_8' title="bbox 135 3201 1260 3402">
    <p class='ocr_par' dir='ltr' id='par_1_9' title="bbox 135 3201 1260 3402">
     <span class='ocr_line' id='line_1_26' title="bbox 135 3201 1260 3292; baseline -0.002 -22"><span class='ocrx_word' id='word_1_194' title='bbox 135 3205 378 3292; x_wconf 88' lang='lat' dir='ltr'>Duesseidorpii</span> <span class='ocrx_word' id='word_1_195' title='bbox 389 3227 410 3271; x_wconf 91' lang='lat' dir='ltr'>a</span> <span class='ocrx_word' id='word_1_196' title='bbox 420 3203 704 3288; x_wconf 83' lang='lat' dir='ltr'>Schoenenbergio,</span> <span class='ocrx_word' id='word_1_197' title='bbox 720 3223 816 3288; x_wconf 91' lang='lat' dir='ltr'>quem</span> <span class='ocrx_word' id='word_1_198' title='bbox 831 3201 1086 3270; x_wconf 86' lang='lat' dir='ltr'>Praetendsntes</span> <span class='ocrx_word' id='word_1_199' title='bbox 1099 3203 1134 3269; x_wconf 90' lang='lat' dir='ltr'>in</span> <span class='ocrx_word' id='word_1_200' title='bbox 1146 3203 1260 3270; x_wconf 89' lang='lat' dir='ltr'>urbem</span> 
     </span>
     <span class='ocr_line' id='line_1_27' title="bbox 135 3313 751 3402; baseline -0.005 -20"><span class='ocrx_word' id='word_1_201' title='bbox 135 3323 339 3402; x_wconf 85' lang='lat' dir='ltr'>acceperant,</span> <span class='ocrx_word' id='word_1_202' title='bbox 361 3315 461 3382; x_wconf 90' lang='lat' dir='ltr'>muris</span> <span class='ocrx_word' id='word_1_203' title='bbox 484 3313 618 3382; x_wconf 83' lang='lat' dir='ltr'>affixum</span> <span class='ocrx_word' id='word_1_204' title='bbox 640 3313 751 3399; x_wconf 78' lang='lat' dir='ltr'>est.⁸⁴)</span> 
     </span>
    </p>
   </div>
   <div class='ocr_carea' id='block_1_9' title="bbox 134 3587 1259 4411">
    <p class='ocr_par' dir='ltr' id='par_1_10' title="bbox 135 3587 1259 3846">
     <span class='ocr_line' id='line_1_28' title="bbox 203 3587 1259 3654; baseline 0.002 -14"><span class='ocrx_word' id='word_1_205' title='bbox 203 3588 237 3654; x_wconf 76' lang='lat'>⁸¹)</span> <span class='ocrx_word' id='word_1_206' title='bbox 256 3589 359 3642; x_wconf 89' lang='lat' dir='ltr'>accedit</span> <span class='ocrx_word' id='word_1_207' title='bbox 382 3589 451 3654; x_wconf 82' lang='lat' dir='ltr'>quod</span> <span class='ocrx_word' id='word_1_208' title='bbox 474 3589 580 3652; x_wconf 72' lang='lat' dir='ltr'>Pragae</span> <span class='ocrx_word' id='word_1_209' title='bbox 602 3587 703 3640; x_wconf 85' lang='lat' dir='ltr'>elector</span> <span class='ocrx_word' id='word_1_210' title='bbox 725 3587 977 3650; x_wconf 74' lang='lat' dir='ltr'>Brandenourcious</span> <span class='ocrx_word' id='word_1_211' title='bbox 997 3587 1144 3640; x_wconf 81' lang='lat' dir='ltr'>exercitum</span> <span class='ocrx_word' id='word_1_212' title='bbox 1166 3590 1259 3642; x_wconf 71' lang='lat' dir='ltr'>centn</span> 
     </span>
     <span class='ocr_line' id='line_1_29' title="bbox 135 3682 1257 3747; baseline -0.003 -11"><span class='ocrx_word' id='word_1_213' title='bbox 135 3685 259 3736; x_wconf 86' lang='lat' dir='ltr'>ducatum</span> <span class='ocrx_word' id='word_1_214' title='bbox 283 3686 449 3747; x_wconf 85' lang='lat' dir='ltr'>promoturus</span> <span class='ocrx_word' id='word_1_215' title='bbox 472 3695 531 3735; x_wconf 87' lang='lat' dir='ltr'>csse</span> <span class='ocrx_word' id='word_1_216' title='bbox 554 3683 720 3734; x_wconf 87' lang='lat' dir='ltr'>credebatur.</span> <span class='ocrx_word' id='word_1_217' title='bbox 756 3683 815 3744; x_wconf 77' lang='lat' dir='ltr'>Qua</span> <span class='ocrx_word' id='word_1_218' title='bbox 838 3683 872 3732; x_wconf 92' lang='lat' dir='ltr'>de</span> <span class='ocrx_word' id='word_1_219' title='bbox 895 3695 924 3734; x_wconf 87' lang='lat' dir='ltr'>re</span> <span class='ocrx_word' id='word_1_220' title='bbox 943 3682 1067 3734; x_wconf 79' lang='lat' dir='ltr'>carabus</span> <span class='ocrx_word' id='word_1_221' title='bbox 1089 3683 1134 3747; x_wconf 85' lang='lat' dir='ltr'>qui</span> <span class='ocrx_word' id='word_1_222' title='bbox 1152 3683 1257 3746; x_wconf 70' lang='lat' dir='ltr'>Pragac</span> 
     </span>
     <span class='ocr_line' id='line_1_30' title="bbox 136 3777 977 3846; baseline -0.004 -15"><span class='ocrx_word' id='word_1_223' title='bbox 136 3779 281 3846; x_wconf 82' lang='lat' dir='ltr'>residebat,</span> <span class='ocrx_word' id='word_1_224' title='bbox 298 3779 340 3830; x_wconf 86' lang='lat' dir='ltr'>bis</span> <span class='ocrx_word' id='word_1_225' title='bbox 357 3779 474 3830; x_wconf 85' lang='lat' dir='ltr'>nuntiat:</span> <span class='ocrx_word' id='word_1_226' title='bbox 493 3778 518 3828; x_wconf 91' lang='lat' dir='ltr'>d.</span> <span class='ocrx_word' id='word_1_227' title='bbox 538 3785 561 3830; x_wconf 81' lang='lat'>8.</span> <span class='ocrx_word' id='word_1_228' title='bbox 579 3792 614 3828; x_wconf 92' lang='lat' dir='ltr'>m.</span> <span class='ocrx_word' id='word_1_229' title='bbox 632 3778 694 3828; x_wconf 90' lang='lat' dir='ltr'>Jun.</span> <span class='ocrx_word' id='word_1_230' title='bbox 713 3778 741 3826; x_wconf 85' lang='lat' dir='ltr'>et</span> <span class='ocrx_word' id='word_1_231' title='bbox 759 3777 784 3828; x_wconf 89' lang='lat' dir='ltr'>d.</span> <span class='ocrx_word' id='word_1_232' title='bbox 803 3784 844 3828; x_wconf 78' lang='lat'>22.</span> <span class='ocrx_word' id='word_1_233' title='bbox 862 3792 897 3828; x_wconf 84' lang='lat' dir='ltr'>m.</span> <span class='ocrx_word' id='word_1_234' title='bbox 915 3777 977 3830; x_wconf 83' lang='lat' dir='ltr'>Jun.</span> 
     </span>
    </p>

    <p class='ocr_par' dir='ltr' id='par_1_11' title="bbox 134 3869 1259 4126">
     <span class='ocr_line' id='line_1_31' title="bbox 204 3869 1256 3937; baseline -0.001 -13"><span class='ocrx_word' id='word_1_235' title='bbox 204 3871 238 3936; x_wconf 72' lang='grc'>82)</span> <span class='ocrx_word' id='word_1_236' title='bbox 256 3869 373 3936; x_wconf 82' lang='lat' dir='ltr'>Quorum</span> <span class='ocrx_word' id='word_1_237' title='bbox 396 3872 554 3924; x_wconf 87' lang='lat' dir='ltr'>seutentiam</span> <span class='ocrx_word' id='word_1_238' title='bbox 577 3871 795 3923; x_wconf 81' lang='lat' dir='ltr'>Stralendordum</span> <span class='ocrx_word' id='word_1_239' title='bbox 818 3873 938 3924; x_wconf 83' lang='lat' dir='ltr'>secutum</span> <span class='ocrx_word' id='word_1_240' title='bbox 962 3883 1022 3924; x_wconf 83' lang='lat' dir='ltr'>esse</span> <span class='ocrx_word' id='word_1_241' title='bbox 1048 3871 1204 3937; x_wconf 79' lang='lat' dir='ltr'>Droysenus</span> <span class='ocrx_word' id='word_1_242' title='bbox 1222 3871 1256 3934; x_wconf 86' lang='lat' dir='ltr'>(d.</span> 
     </span>
     <span class='ocr_line' id='line_1_32' title="bbox 136 3965 1259 4029; baseline -0.002 -9"><span class='ocrx_word' id='word_1_243' title='bbox 136 3967 215 4020; x_wconf 83' lang='lat' dir='ltr'>Stral.</span> <span class='ocrx_word' id='word_1_244' title='bbox 234 3965 386 4020; x_wconf 83' lang='lat' dir='ltr'>Gotachtcn</span> <span class='ocrx_word' id='word_1_245' title='bbox 402 3979 464 4029; x_wconf 78' lang='lat' dir='ltr'>pag.</span> <span class='ocrx_word' id='word_1_246' title='bbox 483 3969 551 4028; x_wconf 76' lang='lat'>390.)</span> <span class='ocrx_word' id='word_1_247' title='bbox 569 3967 668 4017; x_wconf 86' lang='lat' dir='ltr'>censet.</span> <span class='ocrx_word' id='word_1_248' title='bbox 704 3967 759 4017; x_wconf 85' lang='lat' dir='ltr'>Nor</span> <span class='ocrx_word' id='word_1_249' title='bbox 782 3966 810 4016; x_wconf 91' lang='lat' dir='ltr'>iu</span> <span class='ocrx_word' id='word_1_250' title='bbox 836 3978 949 4018; x_wconf 87' lang='lat' dir='ltr'>excursu</span> <span class='ocrx_word' id='word_1_251' title='bbox 970 3965 992 4016; x_wconf 85' lang='lat' dir='ltr'>L</span> <span class='ocrx_word' id='word_1_252' title='bbox 1015 3965 1142 4018; x_wconf 80' lang='lat' dir='ltr'>nonnulla</span> <span class='ocrx_word' id='word_1_253' title='bbox 1163 3965 1259 4018; x_wconf 76' lang='lat' dir='ltr'>adem·</span> 
     </span>
     <span class='ocr_line' id='line_1_33' title="bbox 134 4061 599 4126; baseline -0.004 -12"><span class='ocrx_word' id='word_1_254' title='bbox 134 4075 193 4114; x_wconf 87' lang='lat' dir='ltr'>mos</span> <span class='ocrx_word' id='word_1_255' title='bbox 210 4075 244 4113; x_wconf 88' lang='lat' dir='ltr'>ex</span> <span class='ocrx_word' id='word_1_256' title='bbox 261 4062 356 4126; x_wconf 85' lang='lat' dir='ltr'>quibus</span> <span class='ocrx_word' id='word_1_257' title='bbox 374 4061 468 4112; x_wconf 84' lang='lat' dir='ltr'>eadem</span> <span class='ocrx_word' id='word_1_258' title='bbox 485 4062 599 4114; x_wconf 85' lang='lat' dir='ltr'>elucent.</span> 
     </span>
    </p>

    <p class='ocr_par' dir='ltr' id='par_1_12' title="bbox 202 4155 693 4222">
     <span class='ocr_line' id='line_1_34' title="bbox 202 4155 693 4222; baseline -0.006 -15"><span class='ocrx_word' id='word_1_259' title='bbox 202 4155 236 4222; x_wconf 80' lang='lat'>⁸³)</span> <span class='ocrx_word' id='word_1_260' title='bbox 254 4157 410 4220; x_wconf 86' lang='lat' dir='ltr'>Droysenus</span> <span class='ocrx_word' id='word_1_261' title='bbox 427 4155 485 4206; x_wconf 88' lang='lat' dir='ltr'>loeo</span> <span class='ocrx_word' id='word_1_262' title='bbox 502 4169 571 4206; x_wconf 92' lang='lat' dir='ltr'>nom.</span> <span class='ocrx_word' id='word_1_263' title='bbox 589 4168 615 4218; x_wconf 85' lang='lat' dir='ltr'>p.</span> <span class='ocrx_word' id='word_1_264' title='bbox 634 4159 693 4208; x_wconf 80' lang='lat'>884.</span> 
     </span>
    </p>

    <p class='ocr_par' dir='ltr' id='par_1_13' title="bbox 136 4248 1258 4411">
     <span class='ocr_line' id='line_1_35' title="bbox 204 4248 1258 4317; baseline -0.001 -16"><span class='ocrx_word' id='word_1_265' title='bbox 204 4249 237 4317; x_wconf 79' lang='lat'>⁸⁴)</span> <span class='ocrx_word' id='word_1_266' title='bbox 256 4249 379 4302; x_wconf 83' lang='lat' dir='ltr'>Edictum</span> <span class='ocrx_word' id='word_1_267' title='bbox 396 4249 558 4302; x_wconf 86' lang='lat' dir='ltr'>nominatum</span> <span class='ocrx_word' id='word_1_268' title='bbox 577 4251 649 4300; x_wconf 87' lang='lat' dir='ltr'>erat:</span> <span class='ocrx_word' id='word_1_269' title='bbox 679 4248 847 4314; x_wconf 84' lang='lat' dir='ltr'>,mandatum</span> <span class='ocrx_word' id='word_1_270' title='bbox 869 4248 1050 4300; x_wconf 84' lang='lat' dir='ltr'>inhibitorium</span> <span class='ocrx_word' id='word_1_271' title='bbox 1071 4260 1130 4300; x_wconf 88' lang='lat' dir='ltr'>cum</span> <span class='ocrx_word' id='word_1_272' title='bbox 1152 4259 1258 4300; x_wconf 70' lang='lat' dir='ltr'>annexa</span> 
     </span>
     <span class='ocr_line' id='line_1_36' title="bbox 136 4342 1257 4411; baseline -0.004 -13"><span class='ocrx_word' id='word_1_273' title='bbox 136 4345 263 4398; x_wconf 83' lang='lat' dir='ltr'>citatione</span> <span class='ocrx_word' id='word_1_274' title='bbox 281 4345 315 4398; x_wconf 83' lang='lat' dir='ltr'>ad</span> <span class='ocrx_word' id='word_1_275' title='bbox 334 4344 531 4408; x_wconf 87' lang='lat' dir='ltr'>proponendam</span> <span class='ocrx_word' id='word_1_276' title='bbox 550 4342 857 4406; x_wconf 62' lang='lat' dir='ltr'>commoriturum</span> <span class='ocrx_word' id='word_1_277' title='bbox 875 4343 926 4408; x_wconf 81' lang='lat' dir='ltr'>tpd</span> <span class='ocrx_word' id='word_1_278' title='bbox 942 4343 1039 4411; x_wconf 61' lang='lat' dir='ltr'>ciunt,</span> <span class='ocrx_word' id='word_1_279' title='bbox 1061 4343 1214 4396; x_wconf 71' lang='lat' dir='ltr'>menmium</span> <span class='ocrx_word' id='word_1_280' title='bbox 1231 4343 1257 4394; x_wconf 91' lang='lat' dir='ltr'>d.</span> 
     </span>
    </p>
   </div>
   <div class='ocr_carea' id='block_1_10' title="bbox 0 0 1494 5040">
    <p class='ocr_par' dir='ltr' id='par_1_14' title="bbox 0 0 1494 5040">
     <span class='ocr_line' id='line_1_37' title="bbox 0 0 1494 5040; baseline 0 2"><span class='ocrx_word' id='word_1_281' title='bbox 0 0 1494 5040; x_wconf 95' lang='lat' dir='ltr'> </span> 
     </span>
    </p>
   </div>
  </div>
 </body>
</html>
