2980 5040
395 1455 439 1522 De
460 1453 752 1522 machinationibus
772 1455 988 1537 imperatoris.

178 1567 223 1634 De
246 1565 415 1632 unionibus
436 1565 711 1644 Praetendeutum,
733 1565 771 1632 de
793 1566 1020 1632 certaminibus
1045 1581 1159 1645 sorum,

547 1693 595 1743 ao.
619 1677 822 1744 ital-loos.

123 1803 246 1935 altilia,
269 1853 386 1933 (llinis,
409 1853 563 1934 Manebit,
586 1853 729 1935 Montes,
751 1854 988 1934 Raueustoinie‚
1011 1854 1249 1937 Rauensbergia

125 1966 234 2032 seculo
255 1964 323 2030 XV.
350 1964 384 2028 in
406 1963 470 2029 duo
492 1965 628 2048 imperis,
648 1971 860 2048 congregatae
882 1965 958 2030 inde
986 1965 1028 2030 ab
1051 1985 1137 2030 anno
1167 1964 1245 2028 1591

127 2078 184 2142 uni
197 2055 362 2160 'parebant
384 2073 466 2140 duci.
500 2075 592 2140 Anno
620 2075 706 2140 enim
731 2076 811 2138 1495
838 2077 923 2140 inter
950 2075 1050 2140 duces
1077 2075 1186 2140 Juliae
1214 2084 1248 2140 et

129 2186 248 2252 Gliuiae
268 2186 375 2268 pactio
389 2183 589 2250 hereditaria
606 2186 812 2250 constituitur
827 2186 866 2250 iis
879 2185 1124 2265 conditionibus,
1140 2194 1177 2250 ut
1191 2187 1248 2252 ubi

127 2296 304 2362 Guilelmus
315 2301 419 2380 pater,
440 2295 491 2360 cui
506 2294 596 2360 nullu
607 2295 707 2360 virilis
719 2301 806 2360 esset
818 2296 925 2378 stirps,
940 2295 1039 2360 vitam
1052 2295 1247 2380 reliquisset,

125 2408 231 2474 Maria
245 2407 362 2472 nobilis
383 2427 400 2472 e
415 2411 510 2490 gente
525 2407 546 2472 J
547 2406 653 2472 uliacu
668 2407 689 2472 J
690 2407 785 2472 oanni
801 2405 939 2474 Cliuensi
953 2406 1072 2472 merito
1094 2406 1247 2472 ducatum

126 2540 199 2584 cum
216 2518 379 2584 Montibus
402 2539 441 2582 ao
456 2518 695 2600 Ravensbergia
715 2519 749 2582 in
770 2517 880 2582 dotem
895 2517 1064 2582 conferret.
1102 2517 1160 2583 Jta
1177 2518 1247 2600 jem

125 2639 201 2696 tirno
224 2630 322 2712 stirps
345 2629 445 2694 virilis
467 2649 540 2693 oum
562 2627 734 2692 defecisset
756 2627 789 2690 in
811 2625 982 2692 ducatibus
997 2627 1105 2693 Juliae
1128 2629 1247 2694 feminea

124 2741 218 2806 heres
241 2745 292 2804 est
312 2738 479 2822 permissa.
523 2739 621 2804 Patre
648 2738 746 2820 igitur
772 2757 857 2802 anuo
885 2736 964 2800 1591
997 2744 1126 2804 mortuo
1148 2759 1247 2822 quum

125 2851 304 2917 Guilelmus
324 2850 393 2933 jam
415 2855 514 2916 autea
535 2849 624 2914 nullo
645 2847 711 2912 filio
733 2848 909 2931 superstite
931 2848 1017 2914 diem
1039 2849 1173 2914 obiisset
1195 2871 1247 2914 su·

124 2982 286 3047 promum,
321 2960 464 3025 loannes
499 2960 621 3042 primus
651 2978 761 3022 omnes
788 2963 894 3022 terras
924 2959 1032 3025 Jurliae
1062 2957 1246 3042 Cliuiueque

124 3073 213 3138 mille
256 3077 384 3136 centum
420 3069 591 3150 nonaginta
632 3066 722 3130 milia
757 3087 912 3150 passuum
946 3067 1123 3149 quadratos
1158 3069 1246 3132 intus

125 3184 324 3248 continentes
352 3177 494 3263 regebat.
536 3179 597 3256 Qui
618 3199 716 3262 quum
743 3199 826 3243 auno
857 3175 939 3242 1539
960 3177 1067 3242 viuere
1096 3177 1246 3243 desiisset

125 3300 254 3359 secutus
276 3300 327 3359 est
349 3291 526 3357 Guilelmus
548 3290 602 3356 IV.
646 3289 707 3367 Qui
728 3287 840 3354 morbo
863 3288 961 3353 animi
983 3288 1125 3354 afflictus
1147 3273 1246 3373 quum

124 3405 209 3470 filius
245 3405 387 3470 Joannes
420 3401 596 3468 Guilelmus
633 3406 795 3465 terrorum
831 3399 925 3464 heres
956 3399 1027 3482 jam
1060 3399 1102 3466 eb
1135 3405 1245 3466 aetate

123 3515 242 3600 puerili
269 3521 337 3580 tam
364 3513 491 3578 infirma
521 3510 705 3576 valetudine
734 3510 856 3594 talique
889 3509 987 3574 animi
1021 3509 1244 3576 imbecillitate

123 3627 298 3706 laboravit,
332 3631 369 3692 ut
397 3623 527 3707 proprio
555 3622 690 3688 arbitrio
718 3642 787 3685 rem
819 3620 982 3704 publicam
1016 3619 1244 3686 administrare

125 3757 190 3802 uon
217 3754 311 3816 posse
333 3734 511 3814 videretur,
540 3733 609 3816 ipse
637 3754 721 3798 anuo
746 3729 828 3795 1590
853 3731 1083 3814 imperatorem
1111 3730 1243 3814 rogavit,

124 3853 162 3910 ut
184 3866 262 3909 cura
283 3844 331 3908 rei
352 3845 501 3928 publicae
523 3850 675 3927 suscepta
696 3841 803 3925 (quod
825 3841 909 3906 filius
939 3841 1108 3924 imperium
1135 3840 1244 3906 subire

124 3974 189 4020 non
220 3957 348 4037 posset)
379 3962 412 4020 et
448 3962 555 4020 terras
587 3977 607 4019 a
633 3953 785 4036 Hispanis
818 3957 952 4018 venetas
988 3950 1178 4017 defenderet
1210 3956 1244 4014 st

125 4066 289 4130 ciuitatem
316 4065 402 4130 male
434 4063 584 4130 affectem
618 4063 791 4130 ordinaret.
803 4063 824 4144 ¹1)
875 4061 1031 4128 Similiter
1062 4061 1128 4126 dux
1159 4081 1243 4126 anno

178 4269 197 4331 ¹)
215 4269 256 4318 Ex
280 4268 392 4330 epistola
415 4267 527 4329 quadam
548 4268 583 4317 ab
601 4267 713 4316 Ernesto
731 4265 885 4316 biarchiano
904 4266 931 4314 et
949 4265 1100 4325 Voltuango
1124 4265 1243 4316 Neobur·

126 4363 185 4424 gioc
203 4363 237 4414 ab
254 4362 419 4425 Leopolcium
437 4359 604 4411 archiducem
630 4360 674 4410 dic
693 4359 764 4424 illel
795 4359 830 4410 ii.
859 4357 932 4419 sepa.
953 4363 1017 4409 reos
1035 4359 1111 4423 data,
1133 4359 1160 4408 in
1177 4359 1238 4410 Ber.

127 4457 182 4507 Jui.
200 4458 276 4508 Fauo.
