2980 5040
598 325 808 390 „11-

144 523 179 582 et
201 515 341 582 statibus
360 513 481 598 junctis
503 512 652 592 consssiis
676 513 835 596 quomodo
856 533 907 578 res
929 512 1127 578 Juliacenses
1148 511 1258 576 refice-

143 633 272 707 rentur,
310 625 433 692 habere
470 623 744 689 deliberationem.
784 624 925 690 loannes
960 624 1127 690 Palatinus
1161 623 1259 706 igitur

142 737 266 803 frustra
302 737 427 819 legatos
460 733 702 814 sollicitaverat,
736 740 773 799 ut
804 755 887 818 quae
919 735 958 800 iis
991 735 1032 800 ab
1064 735 1258 820 imperatore

141 847 301 914 mandata
322 851 430 912 essent
451 851 484 910 et
505 851 694 930 praecepta,
721 845 788 910 sive
811 867 851 912 ex
872 845 988 910 litteris
1009 846 1102 929 ipsis,
1121 845 1196 910 ‘sive
1219 865 1259 909 ex

141 959 252 1024 relatu
273 957 307 1021 in
327 956 466 1022 medium
488 955 671 1040 proferrent
680 955 724 1038 11).

208 1068 349 1146 Quarum
376 1087 486 1131 rerum
507 1067 665 1132 loannem
693 1089 794 1151 usque
821 1067 854 1132 in
876 1067 961 1132 diem
983 1066 1003 1130 8
1024 1089 1065 1132 m.
1088 1067 1158 1132 Oct
1180 1065 1259 1131 nihil

144 1177 269 1257 sciisse,
296 1177 442 1261 quamvis
468 1199 527 1262 per
554 1177 636 1244 duas
665 1178 809 1244 veltres
835 1178 1052 1274 hebdomades
1073 1177 1259 1262 flagitasset,

144 1307 183 1353 ex
206 1287 343 1372 epistola
365 1288 435 1373 ejus
457 1288 625 1372 colligitur.
658 1289 764 1374 Atque
786 1295 899 1374 postea
909 1287 1043 1374 ,quidem
1056 1288 1260 1374 partiuncula

142 1399 238 1466 modo
260 1399 393 1465 minima
414 1405 661 1484 praeceptorum
688 1401 892 1485 imperatoris
917 1401 1026 1484 polam
1048 1399 1137 1466 iacta
1159 1397 1259 1480 estut.

205 1510 296 1588 Quae
318 1531 382 1595 quo
405 1517 590 1596 spectarent
612 1512 709 1577 facile
730 1511 865 1595 intelligi
886 1512 1000 1596 potuit.
1044 1509 1260 1576 Commissaiii

142 1621 229 1687 enim
251 1621 331 1686 nihil
353 1622 517 1706 antiquius
540 1623 720 1704 habebant,
744 1645 840 1708 quam
861 1629 897 1688 ut
918 1621 1091 1707 privilegiis
1114 1621 1260 1686 ordinum

141 1731 241 1798 elusis
262 1753 316 1798 res
337 1732 486 1816 publicae
510 1754 549 1798 ex
570 1734 737 1800 voluntate
767 1734 861 1800 modo
886 1733 1089 1818 imperatoris
1122 1737 1155 1797 et
1188 1751 1259 1796 con-

141 1843 338 1910 siliariorum
360 1843 577 1928 quorundam,
603 1866 685 1929 quos
707 1845 852 1911 sciebant
872 1845 1059 1929 imperatori
1080 1863 1116 1909 se
1137 1839 1260 1927 subjec-

142 1959 235 2018 turos
257 1973 344 2034 esss,
367 1960 635 2039 temperarentur.
679 1957 793 2040 Itaque
816 1956 855 2021 de
876 1956 1049 2040 privilegiis
1076 1976 1175 2039 quum
1194 1955 1261 2038 jur-

145 2063 232 2146 gium
244 2071 338 2146 esset,
353 2065 437 2131 tales
448 2067 544 2131 modo
555 2065 640 2131 viros
655 2066 688 2130 in
703 2067 890 2132 societatem
906 2067 1029 2132 consilii
1043 2065 1260 2143 assumebant,

147 2173 261 2258 quales
284 2176 389 2243 omnia
411 2177 454 2242 ad
475 2197 567 2242 suam
589 2177 696 2260 potius
722 2177 880 2242 referrent
901 2177 1076 2242 utilitatem
1099 2195 1196 2259 quam
1219 2173 1262 2239 ad

144 2303 345 2351 communem
367 2293 521 2368 statuum,
544 2307 584 2352 ex
606 2287 722 2371 quibus
744 2288 806 2372 ipsi
829 2286 974 2369 erant¹⁸).

211 2511 245 2576 ¹¹)
263 2515 328 2567 uicit
344 2516 463 2574 Josnnes
486 2516 513 2566 in
535 2515 631 2568 litteris
653 2517 678 2566 d.
703 2523 727 2568 8.
749 2531 783 2567 m.
808 2518 887 2582 Nou,
910 2517 975 2568 nihil
997 2529 1027 2567 se
1049 2516 1134 2577 magis
1157 2516 1262 2577 optasse

145 2621 237 2675 quam,
259 2611 313 2662 alas
330 2611 392 2660 dass
409 2610 430 2660 L
448 2611 510 2672 Kay
537 2610 604 2660 Matt
626 2611 711 2660 Ihnen
733 2611 785 2662 deu
806 2610 994 2672 nogennoten
1015 2611 1202 2671 nitgegebene
1220 2609 1262 2660 Iu·

144 2703 272 2754 sonetum
289 2705 356 2756 oder
372 2703 432 2754 Uffs
450 2704 564 2765 wenigst
581 2704 664 2754 deren
681 2704 771 2754 inhslt
793 2705 844 2754 wie
867 2705 906 2756 sie
927 2717 977 2756 von
994 2704 1101 2764 mnus
1117 2703 1192 2754 Undt
1209 2702 1263 2752 bist

143 2797 212 2846 noch
229 2797 370 2848 Jederneit
386 2798 501 2858 begehrt
518 2798 676 2849 deroselben
694 2812 744 2850 von
762 2799 845 2850 Ihnen
863 2799 915 2849 den
927 2799 1013 2849 Herru
1031 2797 1195 2860 geeandteun
1207 2798 1263 2846 ent·

144 2891 206 2940 wod
224 2891 403 2942 volkomblioh
420 2891 485 2941 oder
502 2893 568 2942 aber
586 2871 701 2943 eitraots
720 2895 798 2944 uene
816 2894 864 2944 Iun
882 2892 1009 2943 schriften
1031 2903 1104 2941 were
1122 2891 1264 2952 zugestellt

144 2985 262 3035 worden.
281 2985 399 3046 (Mscrpt.
417 2985 516 3045 Hdlbg.
535 2986 580 3034 iol.
599 2991 630 3035 23
649 2987 690 3035 bis
707 2989 760 3048 46).
778 2985 897 3047 Epistola
915 2985 1099 3034 commissoriis
1117 2985 1180 3034 data
1197 2987 1245 3036 eet.

178 3074 213 3140 ¹²]
232 3079 308 3129 Haec
325 3077 376 3128 fuit
393 3078 510 3140 (Mscrpt
532 3077 656 3138 Hdlbghe
679 3077 724 3128 iol.
743 3081 797 3140 ts):
825 3077 937 3128 wofern
959 3077 1030 3128 daun
1051 3076 1188 3128 vielleioht
1210 3079 1264 3141 bey

144 3173 220 3224 Jetut
236 3173 402 3234 angeregten
418 3173 539 3222 Punoteu
556 3171 605 3222 der
622 3171 777 3234 Regiorung
794 3171 850 3224 sich
867 3171 911 3222 die
923 3171 1095 3232 Ρωμαῖοι
1106 3171 1172 3222 oder
1184 3171 1263 3222 noch·

144 3266 276 3328 geraehte
294 3267 467 3328 Margareffin
484 3266 550 3316 oder
568 3267 690 3328 jemaudt
713 3268 809 3318 andere
832 3280 883 3317 von
900 3267 1070 3327 Irentwegen
1092 3261 1264 3318 Understeter

143 3359 237 3412 wollea
253 3361 360 3412 Unsern
378 3360 582 3412 commissarien
600 3360 705 3422 eintrag
722 3361 826 3410 zuthuu
849 3361 901 3411 und
923 3361 971 3412 das
987 3360 1130 3422 Regiment
1151 3371 1186 3408 sn
1208 3359 1264 3410 sich

145 3469 179 3506 uu
201 3455 310 3520 sichen,
334 3455 382 3506 das
406 3454 490 3504 sollen
514 3453 553 3504 sie
575 3454 620 3504 bei
643 3453 695 3518 (len
716 3452 822 3505 Rhitten
843 3453 896 3504 und
918 3453 1036 3504 Stenden
1056 3453 1105 3502 mit
1127 3453 1264 3514 glimpiien

145 3549 317 3599 vorkommen
334 3548 388 3598 und
405 3547 587 3598 allenthalben
605 3548 688 3598 doran
705 3547 763 3599 sein
780 3548 855 3598 Undt
871 3547 1073 3612 Underoawen,
1095 3547 1143 3598 das
1160 3547 1264 3598 solches

145 3643 281 3695 vorhaben
298 3642 349 3691 nitt
366 3643 430 3692 statt
451 3642 574 3704 gegeben
596 3643 700 3708 werde,
723 3642 862 3692 sindtemal
885 3641 973 3691 dieses
996 3641 1050 3690 orts
1073 3639 1154 3689 allein
1175 3640 1264 3690 Unnss

146 3737 210 3786 allas
228 3735 280 3784 den
297 3734 429 3786 Obersten
445 3736 529 3786 haubt
549 3735 602 3786 und
620 3736 811 3786 Lehenherren
834 3738 886 3800 bey
910 3748 938 3785 so
960 3733 1148 3795 geschaffeuen
1170 3734 1264 3786 sande

61 3881 66 3890 ,
146 3829 199 3881 und
217 3829 290 3879 sonet
305 3827 430 3880 memantl
447 3830 536 3881 Ichtes
558 3844 592 3880 nu
615 3831 744 3881 statuiren
768 3830 832 3880 odor
849 3829 969 3888 ordnung
992 3842 1025 3878 uu
1046 3829 1134 3890 geben
1159 3829 1262 3890 geourt.

146 3921 256 3976 Praete
274 3920 337 3974 laec
353 3937 385 3974 oe
401 3921 506 3975 volum
517 3921 619 3994 quiden
636 3921 766 3974 edebatur.
785 3925 818 3974 ei.
837 3935 897 3984 pag.
918 3929 957 3972 12.

216 4014 249 4080 1⁸)
267 4017 309 4066 De
328 4017 421 4078 quibus
439 4017 544 4068 ordines
562 4017 600 4068 sic
617 4017 698 4067 locuti
716 4019 787 4068 sunt:
806 4031 835 4068 es
852 4018 887 4068 ist
903 4017 971 4067 auch
989 4030 1022 4067 au
1041 4016 1184 4080 betonem,
1203 4015 1264 4066 dass

124 4157 129 4170 ,
148 4110 336 4163 solcheRiithe
354 4109 408 4160 und
425 4110 604 4176 Lauustenria
621 4109 715 4163 welche
726 4107 780 4162 sict
790 4127 815 4162 a.
829 4108 854 4162 d.
866 4108 973 4178 Iln'pea
984 4107 1155 4161 commilitat
1171 4106 1264 4162 sacten

148 4205 176 4256 in
191 4219 297 4274 praem
314 4201 427 4258 haldana
443 4201 499 4256 aad
515 4203 611 4256 amoto
627 4219 662 4256 aa
679 4202 794 4274 brtnyen,
813 4203 865 4253 den
883 4202 1036 4256 Gesandtm
1059 4203 1098 4252 nit
1119 4202 1201 4251 alleiu
1219 4203 1265 4256 bei

149 4300 320 4350 wehrendem
338 4297 462 4360 Laudas
478 4297 549 4347 allen
566 4297 705 4350 Vorschub
722 4300 775 4350 und
793 4299 973 4360 heinriciana
990 4297 1090 4359 gethan
1097 4331 1173 4347 ......
