3050 5038
560 259 773 322 ..57-

166 447 255 526 Quae
271 467 369 530 quum
385 445 519 512 definita
535 450 643 511 essent
657 445 762 512 altero
777 451 874 530 pacto
891 447 1101 512 coustitutum
1117 445 1221 530 est,⁶⁹)

99 563 140 624 ut
163 563 302 642 utraque
325 579 402 642 pars
423 557 480 622 ubi
501 562 673 642 quattuor,
702 557 757 642 qui
779 561 878 623 antea
900 556 1108 624 determinati
1130 565 1224 624 erant

93 660 236 750 mense's,
253 669 435 752 consumpti
447 673 564 750 essent,
590 667 715 734 duobus
730 669 894 734 mensibus
912 653 1003 754 ,pari
1014 669 1222 736 simultaneo·

94 801 163 866 que
184 783 303 864 passu“
327 779 475 844 libellum
502 801 597 845 suum
625 779 782 864 traderet,
811 801 890 845 nevo
917 786 951 846 et
979 781 1222 866 „responsiones

94 897 133 957 et
155 890 379 956 defensioues“
409 889 530 955 diutius
562 911 659 975 quam
686 891 720 956 in
747 891 887 958 altorum
909 891 984 957 inde
1006 912 1150 958 mensem
1172 913 1223 958 re-

94 1004 229 1068 tineret.
273 1001 399 1066 Deinde
421 1001 478 1067 ubi
499 1002 657 1067 terminus
681 1001 786 1069 dictus
810 1009 897 1068 esset
920 1008 953 1068 et
977 1008 1044 1069 tres
1067 1001 1223 1068 darentur

93 1133 227 1180 menses
249 1112 292 1178 ad
314 1111 514 1178 adhibendas
540 1113 775 1196 ,prolationes“
806 1121 840 1181 et
861 1114 904 1180 ad
925 1136 994 1179 rem
1016 1115 1129 1180 totiter
1149 1135 1222 1198 per·

96 1224 271 1292 finiendam
305 1223 394 1289 duos.
439 1223 487 1288 Ne
510 1228 620 1288 autem
648 1230 805 1308 quattuor
826 1225 890 1291 illis
912 1225 1075 1291 mensibus
1099 1225 1222 1290 exactis

100 1337 153 1422 qui
161 1335 359 1421 judicarent,
371 1333 647 1400 Praetendentum
658 1336 724 1400 utri
732 1337 857 1420 justum
868 1336 1111 1422 legitimumque
1122 1336 1223 1420 impe-

97 1449 184 1514 rium
205 1445 421 1513 addicendum
444 1445 495 1527 sit,
519 1445 678 1528 deessent,
702 1447 860 1514 electores
884 1454 917 1512 et
939 1447 1097 1514 Saxoniae
1114 1451 1147 1512 et
1161 1445 1223 1512 Pa·

96 1559 186 1640 latii,
215 1558 379 1642 ducesque
402 1554 632 1641 Ooburgensis,
655 1557 913 1642 Brunsvioensis,
934 1557 1222 1641 Lueneburgensis,

94 1667 425 1752 Mechlenburgensis,
445 1668 702 1752 Pomeranensis,
724 1669 937 1752 Holsatensis,
951 1668 1223 1754 Wirtembergen-

95 1783 143 1849 sis
167 1787 201 1847 et
221 1779 331 1847 landio
353 1779 507 1862 Hassiae,
537 1782 751 1866 princepsque
778 1781 951 1848 Anhaltiae
979 1781 1095 1847 arbitri
1121 1779 1223 1845 creati

95 1899 189 1960 sunt:
220 1911 357 1978 quorum
384 1913 424 1956 ex
450 1911 583 1957 numero
612 1914 692 1977 quos
719 1893 881 1980 principes
905 1893 1093 1977 elegissent,
1120 1891 1159 1956 iis
1186 1896 1223 1984 ut

94 2011 237 2090 uterque
267 2008 300 2068 et
327 2003 476 2068 comitem
504 2001 667 2088 quendam
695 2009 728 2069 et
755 2005 869 2072 urbem
895 2005 1043 2090 religioni
1065 2001 1223 2086 evangeli·

96 2138 156 2184 cae
179 2115 328 2182 addictos
351 2113 497 2196 adderet,
521 2113 686 2198 decretum
709 2121 767 2180 est.
798 2115 938 2182 Arbitris
954 2120 1064 2180 autam
1078 2120 1116 2179 ut
1133 2135 1223 2178 man·

96 2229 249 2308 daretur,
277 2230 433 2310 utquam
456 2225 657 2310 susciperent
677 2245 747 2291 rem
774 2226 877 2293 tribus
905 2226 1069 2292 mensibus
1090 2245 1224 2310 perage-

78 2315 177 2408 rent.
227 2337 370 2417 Quorum
396 2337 555 2422 judicium
586 2337 614 2402 si
643 2337 729 2403 alter
759 2357 776 2403 e
804 2337 1097 2404 Praetendentibus
1127 2357 1223 2422 repu-

95 2451 235 2530 diasset,
264 2447 304 2514 de
341 2447 423 2530 ,alio
454 2448 594 2533 quodam
624 2449 845 2535 compromissi
872 2448 987 2517 modo“
1019 2470 1092 2514 cum
1118 2447 1222 2516 altero

99 2560 261 2647 ageret.⁷⁰)

160 2673 253 2752 Quae
283 2691 348 2755 qua
371 2671 532 2736 sententia
555 2671 731 2736 constituta
754 2675 863 2736 essent
888 2669 977 2737 haud
1003 2667 1134 2736 difficile
1161 2667 1224 2734 fuit

97 2783 274 2851 intellectu.
323 2781 409 2848 Nam
440 2781 582 2846 omnium
611 2781 681 2867 jam
714 2789 820 2849 metus
854 2787 938 2865 erat,
976 2803 1017 2848 ne
1046 2782 1224 2872 imperator

98 2915 233 2964 causam
256 2898 332 2958 ante
355 2913 448 2960 suum
469 2892 613 2959 tribuual
634 2893 834 2977 traheret.⁷¹)

161 3005 257 3072 Unde
280 3005 376 3089 quale
396 3003 554 3088 judicium
577 3004 719 3071 eveniret
742 3026 781 3070 ex
803 3003 965 3070 nonnullis
988 3000 1148 3088 ejusmodi
1170 3021 1224 3067 ex-

100 3116 217 3204 emplis
240 3121 320 3182 satis
339 3115 409 3200 jam
432 3115 612 3182 constabat.

99 3321 276 3378 10.m.Jun.
299 3321 361 3385 styl.
385 3333 461 3372 nouo.
483 3333 537 3373 non
559 3321 585 3372 d.
604 3321 687 3389 solio.
705 3321 768 3374 Jun.
790 3323 821 3373 ut
842 3321 907 3374 dicit
923 3321 1046 3387 Droysen
1068 3321 1116 3373 dan
1134 3319 1224 3373 suan·

98 3417 278 3471 lendorffsche
296 3415 446 3468 Gutachten
462 3428 524 3478 pag.
543 3421 591 3468 88³
611 3417 639 3466 ct
655 3420 713 3468 884.
1229 3405 1231 3410 ’

169 3508 207 3580 ⁶⁹)
225 3511 283 3562 Hoc
304 3511 419 3561 alterum
440 3511 547 3574 pactum
565 3523 694 3574 nusquam
711 3511 801 3564 inveni
822 3511 875 3562 nisi
896 3511 924 3564 in
949 3511 1056 3573 llscrpt.
1081 3509 1178 3574 Boron,
1196 3507 1224 3559 in

98 3607 188 3660 lucem
205 3619 289 3668 usque
307 3605 342 3656 ad
358 3605 410 3656 hoo
427 3605 527 3656 editum
544 3617 597 3656 non
615 3606 663 3655 est.

168 3699 206 3769 ⁷⁰)
224 3701 363 3752 Mauritius
384 3699 474 3751 landio
495 3699 618 3762 pactione
641 3700 713 3750 iacta
737 3697 861 3750 ottonom
888 3713 905 3752 a
927 3697 1126 3750 Stahrschedell
1148 3695 1224 3748 mini·

100 3797 184 3849 strum
203 3795 231 3845 u
247 3795 322 3846 runa
339 3793 455 3858 reliquit.
520 3773 522 3780 ’

170 3888 204 3953 i¹)
217 3889 385 3954 Mandatum,
413 3901 464 3952 quo
491 3887 591 3939 caesar
616 3888 685 3938 haee
707 3887 791 3938 edixit
811 3889 889 3939 modo
913 3889 938 3939 d.
959 3893 980 3940 ,8
1003 3889 1065 3940 Jan.
1088 3888 1116 3938 in
1138 3887 1224 3938 lucem

100 3984 203 4036 editum
221 3985 276 4050 est,
302 3984 392 4034 tamen
410 3984 530 4048 inerunt,
559 3983 604 4046 qui
619 3984 676 4044 jam
693 3984 757 4034 tunc
774 3983 979 4050 suspicarentur,
1008 3983 1118 4034 euentus
1136 3993 1224 4030 rerum

101 4079 189 4145 qualis
207 4079 292 4130 fleret.
327 4078 456 4128 Ernestns
473 4078 590 4128 marchio
609 4077 702 4146 eodem
721 4077 871 4138 significare
889 4077 994 4130 videtur
1017 4079 1045 4129 in
1068 4075 1181 4139 epistola
1199 4074 1224 4124 d.

101 4181 145 4227 31.
163 4187 198 4224 m.
215 4175 287 4236 Majo
307 4173 383 4224 data:
412 4172 463 4235 „da
484 4184 546 4221 man
569 4173 640 4222 etwa
657 4172 731 4223 diese
749 4170 854 4222 Sachon
871 4173 924 4222 ahn
943 4173 1029 4222 ciuem
1047 4171 1148 4220 andern
1165 4167 1226 4220 Ortt

101 4267 207 4320 wieder
224 4268 304 4319 beido
322 4267 385 4319 ihre
402 4267 434 4317 F.
449 4265 481 4318 G.
499 4265 590 4316 willon
608 4279 642 4316 zu
659 4265 807 4328 gittlichcn
825 4266 890 4318 oder
906 4265 1071 4318 rechtlichen
1081 4263 1226 4330 Handlung

102 4362 201 4414 richen
219 4363 274 4414 und
291 4362 415 4414 avocireu
433 4359 532 4413 wolltc.
552 4358 616 4412 Cori.
634 4363 740 4426 mscrpt.
759 4361 847 4414 Berol.
867 4367 924 4415 852.
