2982 5032
664 303 897 370 -118-

281 497 405 578 Pragae
419 493 603 582 Leopoldus
617 493 722 562 multa
740 514 813 558 cum
828 477 961 574 Saxone.
967 493 1076 578 juuxit
1087 493 1236 560 consilia
1264 493 1349 560 Lec-

217 606 351 693 poldum
373 606 472 687 enim,
495 606 552 690 qui
573 604 614 670 de
629 627 666 692 re
688 605 834 686 Juliaoa,
854 604 917 669 uisi
939 605 1053 688 copiae
1073 609 1221 670 recentes
1244 603 1350 671 addu-

219 723 384 798 cerentur,
406 715 651 804 desperaverat,
673 715 782 784 duliae
805 736 875 782 sese
898 705 1114 798 subtraxisse,
1142 735 1242 798 supra
1265 715 1350 780 dixi-

213 851 300 911 mus.
333 828 450 896 ⁴Meusi
470 827 557 912 Majo
581 832 718 893 exeunte
741 827 894 892 Namurci
922 827 999 908 fuit,
1026 826 1182 892 Bruxella
1208 827 1352 910 pecunia

220 940 250 1008 ei
278 939 440 1026 promissa
470 944 529 1004 est.
580 938 619 1004 D.
648 939 675 1002 l.
703 937 856 1004 mlum:
890 937 1027 1004 Zaberui
1055 938 1090 1007 in
1118 937 1245 1002 Alsatia
1276 937 1351 1002 fuit.

219 1051 326 1116 Medio
348 1071 390 1116 m.
406 1049 480 1116 Jun.
495 1049 686 1130 Passaviam
707 1047 873 1132 proiectus
895 1054 945 1114 est
967 1054 1000 1132 et
1021 1047 1097 1113 inde
1112 1049 1253 1131 Pragam
1275 1069 1352 1133 per·

218 1163 314 1228 rexit.
363 1161 488 1243 Pragae
517 1159 548 1226 d.
576 1159 627 1248 30.
654 1181 696 1224 m.
718 1158 792 1226 Jun.
830 1164 906 1226 ante
938 1159 1101 1243 principes
1128 1179 1188 1243 per
1218 1159 1350 1226 litteras

218 1270 378 1358 quasdam
400 1270 441 1336 de
464 1270 609 1355 augustis
634 1269 669 1336 in
690 1268 780 1352 Julia
800 1269 897 1336 rebus
920 1275 1114 1354 conquestus
1137 1270 1242 1350 est⁸⁰).
1288 1271 1352 1335 Im·

217 1388 352 1470 perator
374 1386 450 1453 ante
466 1381 495 1446 d.
512 1382 541 1446 2.
556 1402 598 1446 m.
611 1380 677 1446 Jul.
702 1385 831 1446 centum
851 1381 954 1468 millia
976 1381 1232 1470 thalerorumei
1246 1381 1351 1462 dedit,

168 1575 173 1586 Ι
218 1499 256 1559 ut
282 1494 403 1559 milites
430 1492 660 1586 Passayienses
689 1497 898 1558 sustentaret
951 1491 1073 1558 Iisdem
1101 1491 1215 1558 diebus
1242 1492 1353 1558 archi-

219 1605 285 1670 dux
307 1609 341 1670 et
362 1623 435 1670 oum
448 1603 646 1688 imperatore
662 1607 695 1668 et
717 1623 789 1668 cum
805 1602 931 1668 Saxone
954 1602 994 1669 de
1009 1603 1096 1668 bello
1111 1603 1252 1686 gerendo
1271 1605 1352 1686 egit.

214 1717 295 1808 ⁴Ipse
318 1715 484 1782 confessus
507 1720 570 1796 est,
596 1715 736 1797 Pragam
762 1693 959 1796 sevenisse,
987 1720 1024 1780 ut
1050 1735 1122 1783 cum
1147 1715 1354 1800 principibus

223 1826 264 1894 de
291 1825 381 1892 Julia
408 1823 612 1892 defendenda
638 1832 765 1910 ageret:
792 1830 941 1902 recentes
969 1825 1079 1909 copias
1106 1825 1194 1899 mitti
1209 1845 1354 1892 necesse

223 1958 309 2032 esse,
330 1955 408 2002 nam
428 1935 543 2002 urbem
564 1957 585 2000 a
606 1931 849 2012 Possideutibus
870 1955 974 2022 paene
997 1956 1185 2022 oppressam
1207 1957 1288 2002 esse.

284 2049 434 2132 Dumque
460 2045 644 2131 Leopoldus
670 2048 705 2112 iu
726 2047 832 2130 Praga
857 2052 1021 2128 versatur,
1050 2047 1259 2114 constitutum
1288 2052 1356 2128 est,

219 2165 257 2226 ut
291 2157 472 2224 Senonibus
509 2157 702 2224 investitura
739 2157 834 2224 detur
847 2159 895 2240 ⁸¹l
948 2157 1054 2223 Datur
1085 2157 1184 2240 igitur
1216 2157 1355 2242 utrique

218 2269 324 2337 lineae
351 2268 514 2334 Saxonum
549 2268 602 2332 die
631 2270 660 2334 7.
687 2289 729 2334 m.
751 2267 816 2336 dul.
869 2268 1055 2356 Leopoldus
1082 2269 1214 2334 ineunte
1242 2269 1358 2334 mensi

171 2399 173 2406 ’
218 2379 307 2446 Julio
328 2379 363 2444 in
384 2378 574 2470 Passaviam
594 2399 743 2448 reversus
766 2383 826 2444 est.
868 2378 1045 2444 Nuntiatur
1066 2399 1164 2445 naves
1187 2380 1356 2461 exornari,

219 2489 337 2574 quibus
358 2488 518 2578 exercitus
536 2487 695 2574 Leopoldi
714 2494 805 2554 trans
820 2489 966 2554 Rhenum
987 2489 1226 2582 trajicerentur.
1246 2489 1358 2556 Joan-

218 2621 278 2668 nes
306 2621 414 2678 comes
440 2599 564 2666 Frisiae
592 2599 804 2678 orientalisffl)
835 2621 870 2666 se
901 2599 1132 2684 imperatorem
1159 2601 1357 2686 adjuturum

220 2732 301 2806 esse,
323 2710 482 2796 promisit.
528 2710 806 2792 „Gubernatorem
829 2709 977 2777 Caesaris
1006 2711 1040 2776 in
1066 2712 1162 2776 terris
1185 2710 1358 2777 cisrhena-

218 2821 288 2897 nis“
318 2840 353 2886 se
375 2821 562 2898 nominavit.
605 2822 712 2886 Nares
733 2827 894 2892 autema
920 2821 1020 2907 copiis
1042 2819 1268 2888 Possidentum
1291 2821 1359 2888 de-

219 2929 447 3014 labantur⁸³)“.

287 3159 323 3226 ⁸⁰)
342 3160 438 3212 Omnia
455 3173 503 3212 sua
525 3174 554 3214 se
576 3159 770 3221 consumpsisse
794 3161 870 3211 dicit:
899 3162 983 3224 ,Dass
1005 3163 1057 3212 mir
1079 3163 1148 3214 auch
1170 3175 1220 3212 von
1241 3163 1358 3214 meiuen

219 3255 346 3307 mobilieu
357 3255 394 3306 Ja
411 3253 566 3306 ausserhalb
584 3253 685 3304 meinos
699 3254 844 3306 Ehrlichen
855 3255 991 3306 Nahmens
1004 3257 1067 3330 Uud
1084 3256 1176 3308 lebeus
1194 3257 1246 3306 fast
1256 3256 1358 3318 wenig

219 3349 398 3400 rerblieben.“
424 3348 506 3399 Arch.
518 3346 587 3400 Auh.
601 3348 678 3398 Dess.
700 3325 747 3418 ‘Ex
759 3348 840 3400 Aviso
854 3349 997 3408 Pragensi:
1017 3349 1153 3412 „Leopold
1170 3350 1206 3400 ist
1222 3348 1283 3400 hier
1300 3349 1360 3400 mit

219 3443 317 3503 langen
333 3442 430 3504 gelbes
447 3442 539 3494 Haren
556 3442 596 3492 als
614 3441 658 3492 eiu
670 3441 776 3506 Griech,
795 3441 851 3490 will
869 3454 898 3492 es
914 3441 988 3492 nicht
1006 3443 1070 3494 aher
1092 3443 1242 3494 abnehmeu
1257 3443 1358 3494 lassen

220 3535 262 3585 bis
279 3548 309 3585 er
326 3536 370 3586 die
382 3535 610 3586 Possediereuden
627 3535 739 3595 besiegt.
767 3536 845 3585 Kaun
861 3534 917 3586 ihm
934 3535 1017 3586 leicht
1034 3536 1151 3596 ergehcn
1170 3565 1201 3574 —
1220 3537 1273 3587 wia
1291 3537 1356 3588 Isa-

220 3628 334 3680 bellen.“

288 3718 324 3785 ⁸¹)
342 3722 376 3775 a
389 3727 413 3773 6.
431 3736 465 3790 ur.
478 3721 532 3772 Jul.
550 3721 702 3784 Leopoldus
719 3733 734 3772 e
751 3722 840 3782 Praga
856 3721 994 3774 discedens
1012 3722 1040 3772 iu
1052 3723 1207 3776 Passaviam
1224 3739 1356 3779 reversus

221 3815 270 3866 est.
288 3840 319 3850 —
337 3813 370 3864 D.
384 3821 408 3866 2.
425 3829 460 3866 m.
473 3816 527 3866 Jul.
543 3817 600 3878 jam
619 3828 634 3865 c
652 3816 740 3876 Praga
757 3815 906 3868 nuntiatum
924 3817 977 3881 est,
999 3815 1179 3872 investituram
1196 3819 1288 3872 datum
1304 3819 1354 3874 iri.

219 3907 301 3958 Arch.
318 3905 386 3956 Anh.
446 3951 450 3960 .

288 3995 325 4067 ⁸²)
343 3997 404 4050 Wie
423 4000 493 4050 dann
505 4001 574 4052 Grai
583 4001 690 4052 Johanu
703 4015 754 4052 von
762 4002 942 4055 Ostfriesland
957 4004 1062 4064 jeniger
1074 4004 1191 4056 Inlraber
1206 4007 1256 4058 der
1267 4006 1355 4058 Gras-

220 4093 317 4145 schaitt
332 4093 495 4154 Bittbergkh
513 4093 570 4145 sich
587 4095 670 4146 sehon
686 4096 824 4146 offentlich
841 4097 923 4158 Kays.
942 4097 1013 4160 May.
1032 4098 1201 4150 Gubernator
1223 4101 1355 4154 diesseits

219 4185 320 4238 Rheins
338 4187 521 4248 geschneben.

290 4277 327 4346 ⁸³)
349 4279 401 4340 Qui
418 4280 576 4331 relationum
598 4281 716 4347 scripsit,
739 4281 818 4332 dixit:
843 4283 911 4344 ,und
928 4285 1037 4338 ettliche
1055 4285 1235 4350 eingezorene
1253 4287 1354 4340 Kund·

222 4372 340 4424 schalter
356 4373 528 4440 bekheuuen,
551 4387 613 4426 man
631 4373 705 4425 hiitte
723 4375 847 4426 allbereit
864 4376 907 4428 dic
925 4377 1049 4452 Quartier
1066 4381 1142 4433 Uber
1158 4382 1247 4434 Rhein
1264 4383 1353 4446 abga-
