<?xml version="1.0" encoding="UTF-8"?>
<!DOCTYPE html PUBLIC "-//W3C//DTD XHTML 1.0 Transitional//EN"
    "http://www.w3.org/TR/xhtml1/DTD/xhtml1-transitional.dtd">
<html xmlns="http://www.w3.org/1999/xhtml" xml:lang="en" lang="en">
 <head>
  <title>
</title>
<meta http-equiv="Content-Type" content="text/html;charset=utf-8" />
  <meta name='ocr-system' content='tesseract 3.04.00' />
  <meta name='ocr-capabilities' content='ocr_page ocr_carea ocr_par ocr_line ocrx_word'/>
</head>
<body>
  <div class='ocr_page' id='page_1' title='image "./deimperiobrande00hassgoog_0077.png"; bbox 0 0 2980 5040; ppageno 0'>
   <div class='ocr_carea' id='block_1_1' title="bbox 748 245 961 310">
    <p class='ocr_par' dir='ltr' id='par_1_1' title="bbox 748 245 961 310">
     <span class='ocr_line' id='line_1_1' title="bbox 748 245 961 310; baseline 0.019 -18"><span class='ocrx_word' id='word_1_1' title='bbox 748 245 961 310; x_wconf 73' lang='lat'>...64-</span> 
     </span>
    </p>
   </div>
   <div class='ocr_carea' id='block_1_2' title="bbox 291 433 1446 2521">
    <p class='ocr_par' dir='ltr' id='par_1_2' title="bbox 291 433 1399 1074">
     <span class='ocr_line' id='line_1_2' title="bbox 292 433 1396 526; baseline -0.007 -18"><span class='ocrx_word' id='word_1_2' title='bbox 292 441 328 511; x_wconf 79' lang='lat' dir='ltr'><strong>ut</strong></span> <span class='ocrx_word' id='word_1_3' title='bbox 338 434 425 526; x_wconf 83' lang='lat' dir='ltr'><strong>quod</strong></span> <span class='ocrx_word' id='word_1_4' title='bbox 441 433 495 502; x_wconf 85' lang='lat' dir='ltr'><strong>ille</strong></span> <span class='ocrx_word' id='word_1_5' title='bbox 507 433 728 502; x_wconf 89' lang='lat' dir='ltr'><strong>testimonium</strong></span> <span class='ocrx_word' id='word_1_6' title='bbox 741 434 905 520; x_wconf 90' lang='lat' dir='ltr'><strong>publicum</strong></span> <span class='ocrx_word' id='word_1_7' title='bbox 930 434 1046 518; x_wconf 86' lang='lat' dir='ltr'><strong>„datae</strong></span> <span class='ocrx_word' id='word_1_8' title='bbox 1066 435 1097 500; x_wconf 91' lang='lat' dir='ltr'><strong>ei</strong></span> <span class='ocrx_word' id='word_1_9' title='bbox 1110 435 1313 504; x_wconf 76' lang='lat' dir='ltr'><strong>auctoritatis</strong></span> <span class='ocrx_word' id='word_1_10' title='bbox 1333 434 1396 501; x_wconf 81' lang='lat' dir='ltr'><strong>(lae-</strong></span> 
     </span>
     <span class='ocr_line' id='line_1_3' title="bbox 291 543 1397 634; baseline -0.005 -15"><span class='ocrx_word' id='word_1_11' title='bbox 291 547 425 619; x_wconf 45' lang='grc' dir='ltr'><strong>σωθῶ</strong></span> <span class='ocrx_word' id='word_1_12' title='bbox 443 545 527 616; x_wconf 75' lang='lat' dir='ltr'><strong>sorte</strong></span> <span class='ocrx_word' id='word_1_13' title='bbox 543 543 696 613; x_wconf 84' lang='lat' dir='ltr'><strong>exhibere</strong></span> <span class='ocrx_word' id='word_1_14' title='bbox 711 545 818 629; x_wconf 87' lang='lat' dir='ltr'><strong>vellet,</strong></span> <span class='ocrx_word' id='word_1_15' title='bbox 840 569 944 634; x_wconf 86' lang='lat' dir='ltr'><strong>usquc</strong></span> <span class='ocrx_word' id='word_1_16' title='bbox 956 546 999 614; x_wconf 91' lang='lat' dir='ltr'><strong>ad</strong></span> <span class='ocrx_word' id='word_1_17' title='bbox 1010 545 1151 614; x_wconf 89' lang='lat' dir='ltr'><strong>reditum</strong></span> <span class='ocrx_word' id='word_1_18' title='bbox 1164 547 1340 632; x_wconf 86' lang='lat' dir='ltr'><strong>principum</strong></span> <span class='ocrx_word' id='word_1_19' title='bbox 1357 569 1397 613; x_wconf 87' lang='lat' dir='ltr'><strong>re·</strong></span> 
     </span>
     <span class='ocr_line' id='line_1_4' title="bbox 292 657 1397 742; baseline 0.001 -17"><span class='ocrx_word' id='word_1_20' title='bbox 292 657 420 728; x_wconf 75' lang='lat' dir='ltr'><strong>sineret.</strong></span> <span class='ocrx_word' id='word_1_21' title='bbox 456 657 589 724; x_wconf 85' lang='lat' dir='ltr'><strong>Fratres</strong></span> <span class='ocrx_word' id='word_1_22' title='bbox 603 657 737 742; x_wconf 90' lang='lat' dir='ltr'><strong>insuper</strong></span> <span class='ocrx_word' id='word_1_23' title='bbox 747 657 947 726; x_wconf 88' lang='lat' dir='ltr'><strong>Fridericum</strong></span> <span class='ocrx_word' id='word_1_24' title='bbox 962 664 996 726; x_wconf 89' lang='lat' dir='ltr'><strong>et</strong></span> <span class='ocrx_word' id='word_1_25' title='bbox 1012 657 1197 742; x_wconf 87' lang='lat' dir='ltr'><strong>Philippum</strong></span> <span class='ocrx_word' id='word_1_26' title='bbox 1209 658 1397 742; x_wconf 75' lang='lat' dir='ltr'><strong>Solmmauos,</strong></span> 
     </span>
     <span class='ocr_line' id='line_1_5' title="bbox 291 767 1398 858; baseline 0 -22"><span class='ocrx_word' id='word_1_27' title='bbox 291 769 348 858; x_wconf 78' lang='lat' dir='ltr'><strong>qud</strong></span> <span class='ocrx_word' id='word_1_28' title='bbox 360 767 599 836; x_wconf 68' lang='lat' dir='ltr'><strong>possidentium</strong></span> <span class='ocrx_word' id='word_1_29' title='bbox 613 767 723 835; x_wconf 89' lang='lat' dir='ltr'><strong>Rebus</strong></span> <span class='ocrx_word' id='word_1_30' title='bbox 737 771 969 854; x_wconf 81' lang='lat' dir='ltr'><strong>prospicerent,</strong></span> <span class='ocrx_word' id='word_1_31' title='bbox 991 769 1201 854; x_wconf 87' lang='lat' dir='ltr'><strong>reliquerant.</strong></span> <span class='ocrx_word' id='word_1_32' title='bbox 1224 771 1285 836; x_wconf 89' lang='lat' dir='ltr'><strong>Die</strong></span> <span class='ocrx_word' id='word_1_33' title='bbox 1306 776 1398 836; x_wconf 88' lang='lat' dir='ltr'><strong>autem</strong></span> 
     </span>
     <span class='ocr_line' id='line_1_6' title="bbox 291 878 1399 966; baseline -0.001 -19"><span class='ocrx_word' id='word_1_34' title='bbox 291 879 343 948; x_wconf 73' lang='lat'><strong>23.</strong></span> <span class='ocrx_word' id='word_1_35' title='bbox 366 878 439 946; x_wconf 84' lang='lat' dir='ltr'><strong>Jan</strong></span> <span class='ocrx_word' id='word_1_36' title='bbox 467 879 685 946; x_wconf 85' lang='lat' dir='ltr'><strong>marchionem</strong></span> <span class='ocrx_word' id='word_1_37' title='bbox 715 881 953 964; x_wconf 83' lang='lat' dir='ltr'><strong>Burgasensem</strong></span> <span class='ocrx_word' id='word_1_38' title='bbox 987 879 1027 944; x_wconf 90' lang='lat' dir='ltr'><strong>de</strong></span> <span class='ocrx_word' id='word_1_39' title='bbox 1060 881 1212 966; x_wconf 85' lang='lat' dir='ltr'><strong>pactione</strong></span> <span class='ocrx_word' id='word_1_40' title='bbox 1246 881 1399 946; x_wconf 89' lang='lat' dir='ltr'><strong>certiorem</strong></span> 
     </span>
     <span class='ocr_line' id='line_1_7' title="bbox 292 989 476 1074; baseline -0.011 -16"><span class='ocrx_word' id='word_1_41' title='bbox 292 989 476 1074; x_wconf 79' lang='lat' dir='ltr'><strong>faciunt.⁹⁰)</strong></span> 
     </span>
    </p>

    <p class='ocr_par' dir='ltr' id='par_1_3' title="bbox 291 1101 1446 2521">
     <span class='ocr_line' id='line_1_8' title="bbox 358 1101 1399 1186; baseline -0.002 -18"><span class='ocrx_word' id='word_1_42' title='bbox 358 1103 451 1182; x_wconf 84' lang='lat' dir='ltr'><strong>Quae</strong></span> <span class='ocrx_word' id='word_1_43' title='bbox 484 1123 583 1186; x_wconf 91' lang='lat' dir='ltr'><strong>quum</strong></span> <span class='ocrx_word' id='word_1_44' title='bbox 614 1101 833 1168; x_wconf 85' lang='lat' dir='ltr'><strong>instituissent</strong></span> <span class='ocrx_word' id='word_1_45' title='bbox 865 1102 917 1168; x_wconf 91' lang='lat' dir='ltr'><strong>die</strong></span> <span class='ocrx_word' id='word_1_46' title='bbox 951 1102 1001 1168; x_wconf 80' lang='lat'><strong>24.</strong></span> <span class='ocrx_word' id='word_1_47' title='bbox 1034 1124 1076 1168; x_wconf 87' lang='lat' dir='ltr'><strong>m.</strong></span> <span class='ocrx_word' id='word_1_48' title='bbox 1109 1103 1184 1168; x_wconf 88' lang='lat' dir='ltr'><strong>Juu.</strong></span> <span class='ocrx_word' id='word_1_49' title='bbox 1216 1101 1347 1169; x_wconf 72' lang='lat' dir='ltr'><strong>Cliniam</strong></span> <span class='ocrx_word' id='word_1_50' title='bbox 1374 1123 1399 1167; x_wconf 88' lang='lat' dir='ltr'><strong>ss</strong></span> 
     </span>
     <span class='ocr_line' id='line_1_9' title="bbox 292 1212 1446 1300; baseline -0.003 -18"><span class='ocrx_word' id='word_1_51' title='bbox 292 1214 507 1282; x_wconf 87' lang='lat' dir='ltr'><strong>coutulerunt.</strong></span> <span class='ocrx_word' id='word_1_52' title='bbox 570 1212 621 1278; x_wconf 89' lang='lat' dir='ltr'><strong>Ad</strong></span> <span class='ocrx_word' id='word_1_53' title='bbox 657 1235 755 1298; x_wconf 86' lang='lat' dir='ltr'><strong>quam</strong></span> <span class='ocrx_word' id='word_1_54' title='bbox 795 1213 852 1279; x_wconf 95' lang='lat' dir='ltr'><strong>ubi</strong></span> <span class='ocrx_word' id='word_1_55' title='bbox 890 1213 1187 1300; x_wconf 87' lang='lat' dir='ltr'><strong>appropinquarent</strong></span> <span class='ocrx_word' id='word_1_56' title='bbox 1197 1213 1242 1296; x_wconf 67' lang='lat'><strong>⁹¹)¹</strong></span> <span class='ocrx_word' id='word_1_57' title='bbox 1274 1233 1418 1281; x_wconf 69' lang='lat' dir='ltr'><strong>summae,</strong></span> <span class='ocrx_word' id='word_1_58' title='bbox 1445 1277 1446 1296; x_wconf 66' lang='lat'><strong>,</strong></span> 
     </span>
     <span class='ocr_line' id='line_1_10' title="bbox 291 1323 1399 1409; baseline -0.003 -16"><span class='ocrx_word' id='word_1_59' title='bbox 291 1325 440 1394; x_wconf 87' lang='lat' dir='ltr'><strong>laetitiae</strong></span> <span class='ocrx_word' id='word_1_60' title='bbox 468 1325 651 1409; x_wconf 89' lang='lat' dir='ltr'><strong>signatam</strong></span> <span class='ocrx_word' id='word_1_61' title='bbox 678 1346 699 1390; x_wconf 88' lang='lat' dir='ltr'><strong>a</strong></span> <span class='ocrx_word' id='word_1_62' title='bbox 725 1323 886 1390; x_wconf 90' lang='lat' dir='ltr'><strong>nobilibus</strong></span> <span class='ocrx_word' id='word_1_63' title='bbox 915 1345 1015 1409; x_wconf 91' lang='lat' dir='ltr'><strong>quam</strong></span> <span class='ocrx_word' id='word_1_64' title='bbox 1040 1347 1061 1392; x_wconf 89' lang='lat' dir='ltr'><strong>a</strong></span> <span class='ocrx_word' id='word_1_65' title='bbox 1088 1327 1219 1392; x_wconf 84' lang='lat' dir='ltr'><strong>civitate</strong></span> <span class='ocrx_word' id='word_1_66' title='bbox 1240 1326 1283 1390; x_wconf 89' lang='lat' dir='ltr'><strong>iis</strong></span> <span class='ocrx_word' id='word_1_67' title='bbox 1307 1325 1399 1390; x_wconf 87' lang='lat' dir='ltr'><strong>oblata</strong></span> 
     </span>
     <span class='ocr_line' id='line_1_11' title="bbox 294 1433 1446 1519; baseline -0.003 -15"><span class='ocrx_word' id='word_1_68' title='bbox 294 1441 383 1519; x_wconf 90' lang='lat' dir='ltr'><strong>sunt,</strong></span> <span class='ocrx_word' id='word_1_69' title='bbox 405 1435 518 1503; x_wconf 90' lang='lat' dir='ltr'><strong>alteris</strong></span> <span class='ocrx_word' id='word_1_70' title='bbox 540 1433 655 1502; x_wconf 80' lang='lat' dir='ltr'><strong>foedus</strong></span> <span class='ocrx_word' id='word_1_71' title='bbox 671 1433 903 1501; x_wconf 88' lang='lat' dir='ltr'><strong>dexterrimum</strong></span> <span class='ocrx_word' id='word_1_72' title='bbox 918 1435 1198 1519; x_wconf 86' lang='lat' dir='ltr'><strong>collaudantibus,</strong></span> <span class='ocrx_word' id='word_1_73' title='bbox 1220 1436 1340 1518; x_wconf 87' lang='lat' dir='ltr'><strong>alteris,</strong></span> <span class='ocrx_word' id='word_1_74' title='bbox 1359 1436 1400 1518; x_wconf 89' lang='lat' dir='ltr'><strong>qui</strong></span> <span class='ocrx_word' id='word_1_75' title='bbox 1445 1465 1446 1474; x_wconf 54' lang='lat'>2</span> 
     </span>
     <span class='ocr_line' id='line_1_12' title="bbox 294 1523 1399 1631; baseline -0.004 -17"><span class='ocrx_word' id='word_1_76' title='bbox 294 1553 327 1614; x_wconf 92' lang='lat' dir='ltr'><strong>et</strong></span> <span class='ocrx_word' id='word_1_77' title='bbox 360 1547 400 1612; x_wconf 91' lang='lat' dir='ltr'><strong>de</strong></span> <span class='ocrx_word' id='word_1_78' title='bbox 427 1546 576 1631; x_wconf 87' lang='lat' dir='ltr'><strong>pactione</strong></span> <span class='ocrx_word' id='word_1_79' title='bbox 608 1551 641 1610; x_wconf 91' lang='lat' dir='ltr'><strong>et</strong></span> <span class='ocrx_word' id='word_1_80' title='bbox 674 1545 715 1610; x_wconf 93' lang='lat' dir='ltr'><strong>de</strong></span> <span class='ocrx_word' id='word_1_81' title='bbox 742 1547 843 1611; x_wconf 90' lang='lat' dir='ltr'><strong>totius</strong></span> <span class='ocrx_word' id='word_1_82' title='bbox 874 1547 923 1611; x_wconf 90' lang='lat' dir='ltr'><strong>rei</strong></span> <span class='ocrx_word' id='word_1_83' title='bbox 957 1523 1108 1630; x_wconf 78' lang='lat' dir='ltr'><strong>publicae</strong></span> <span class='ocrx_word' id='word_1_84' title='bbox 1140 1547 1247 1614; x_wconf 89' lang='lat' dir='ltr'><strong>salute</strong></span> <span class='ocrx_word' id='word_1_85' title='bbox 1279 1545 1399 1612; x_wconf 88' lang='lat' dir='ltr'><strong>merifice</strong></span> 
     </span>
     <span class='ocr_line' id='line_1_13' title="bbox 293 1655 1399 1742; baseline -0.005 -17"><span class='ocrx_word' id='word_1_86' title='bbox 293 1660 428 1725; x_wconf 89' lang='lat' dir='ltr'><strong>meritus</strong></span> <span class='ocrx_word' id='word_1_87' title='bbox 444 1658 496 1740; x_wconf 89' lang='lat' dir='ltr'><strong>sit,</strong></span> <span class='ocrx_word' id='word_1_88' title='bbox 518 1657 717 1739; x_wconf 89' lang='lat' dir='ltr'><strong>Mauritium,</strong></span> <span class='ocrx_word' id='word_1_89' title='bbox 740 1655 879 1722; x_wconf 88' lang='lat' dir='ltr'><strong>Hassiae</strong></span> <span class='ocrx_word' id='word_1_90' title='bbox 901 1657 1096 1724; x_wconf 88' lang='lat' dir='ltr'><strong>landionem.</strong></span> <span class='ocrx_word' id='word_1_91' title='bbox 1130 1658 1296 1742; x_wconf 86' lang='lat' dir='ltr'><strong>Principes</strong></span> <span class='ocrx_word' id='word_1_92' title='bbox 1311 1663 1399 1724; x_wconf 69' lang='lat' dir='ltr'><strong>auum</strong></span> 
     </span>
     <span class='ocr_line' id='line_1_14' title="bbox 293 1767 1400 1856; baseline -0.005 -20"><span class='ocrx_word' id='word_1_93' title='bbox 293 1793 393 1856; x_wconf 91' lang='lat' dir='ltr'><strong>quum</strong></span> <span class='ocrx_word' id='word_1_94' title='bbox 415 1769 455 1835; x_wconf 91' lang='lat' dir='ltr'><strong>de</strong></span> <span class='ocrx_word' id='word_1_95' title='bbox 479 1767 584 1834; x_wconf 88' lang='lat' dir='ltr'><strong>edicto</strong></span> <span class='ocrx_word' id='word_1_96' title='bbox 608 1767 845 1854; x_wconf 83' lang='lat' dir='ltr'><strong>Schonenbergi</strong></span> <span class='ocrx_word' id='word_1_97' title='bbox 866 1769 1020 1836; x_wconf 87' lang='lat' dir='ltr'><strong>certiores</strong></span> <span class='ocrx_word' id='word_1_98' title='bbox 1046 1769 1127 1836; x_wconf 87' lang='lat' dir='ltr'><strong>facti</strong></span> <span class='ocrx_word' id='word_1_99' title='bbox 1149 1777 1270 1854; x_wconf 84' lang='lat' dir='ltr'><strong>essent,</strong></span> <span class='ocrx_word' id='word_1_100' title='bbox 1291 1770 1356 1854; x_wconf 86' lang='lat' dir='ltr'><strong>ipsi,</strong></span> <span class='ocrx_word' id='word_1_101' title='bbox 1373 1773 1400 1832; x_wconf 89' lang='lat' dir='ltr'><strong>ut</strong></span> 
     </span>
     <span class='ocr_line' id='line_1_15' title="bbox 294 1879 1399 1966; baseline -0.004 -19"><span class='ocrx_word' id='word_1_102' title='bbox 294 1901 422 1947; x_wconf 91' lang='lat' dir='ltr'><strong>omnem</strong></span> <span class='ocrx_word' id='word_1_103' title='bbox 440 1901 508 1947; x_wconf 88' lang='lat' dir='ltr'><strong>ase</strong></span> <span class='ocrx_word' id='word_1_104' title='bbox 524 1880 732 1946; x_wconf 87' lang='lat' dir='ltr'><strong>demoverent</strong></span> <span class='ocrx_word' id='word_1_105' title='bbox 747 1879 885 1964; x_wconf 91' lang='lat' dir='ltr'><strong>culpam,</strong></span> <span class='ocrx_word' id='word_1_106' title='bbox 901 1880 1159 1966; x_wconf 84' lang='lat' dir='ltr'><strong>promulgabant,</strong></span> <span class='ocrx_word' id='word_1_107' title='bbox 1175 1901 1255 1946; x_wconf 90' lang='lat' dir='ltr'><strong>sano</strong></span> <span class='ocrx_word' id='word_1_108' title='bbox 1266 1880 1399 1958; x_wconf 84' lang='lat' dir='ltr'><strong>humano</strong></span> 
     </span>
     <span class='ocr_line' id='line_1_16' title="bbox 294 1991 1399 2077; baseline -0.004 -19"><span class='ocrx_word' id='word_1_109' title='bbox 294 2011 357 2077; x_wconf 94' lang='lat' dir='ltr'><strong>que</strong></span> <span class='ocrx_word' id='word_1_110' title='bbox 384 1991 519 2077; x_wconf 88' lang='lat' dir='ltr'><strong>imperio</strong></span> <span class='ocrx_word' id='word_1_111' title='bbox 542 1991 692 2058; x_wconf 90' lang='lat' dir='ltr'><strong>instituto</strong></span> <span class='ocrx_word' id='word_1_112' title='bbox 713 2011 748 2057; x_wconf 91' lang='lat' dir='ltr'><strong>se</strong></span> <span class='ocrx_word' id='word_1_113' title='bbox 771 1997 805 2056; x_wconf 91' lang='lat' dir='ltr'><strong>et</strong></span> <span class='ocrx_word' id='word_1_114' title='bbox 825 2012 940 2076; x_wconf 88' lang='lat' dir='ltr'><strong>pacem</strong></span> <span class='ocrx_word' id='word_1_115' title='bbox 962 1996 1222 2074; x_wconf 83' lang='lat' dir='ltr'><strong>conservaturos,</strong></span> <span class='ocrx_word' id='word_1_116' title='bbox 1246 1997 1282 2056; x_wconf 89' lang='lat' dir='ltr'><strong>et</strong></span> <span class='ocrx_word' id='word_1_117' title='bbox 1299 1991 1399 2076; x_wconf 83' lang='lat' dir='ltr'><strong>justam</strong></span> 
     </span>
     <span class='ocr_line' id='line_1_17' title="bbox 294 2101 1398 2190; baseline -0.003 -20"><span class='ocrx_word' id='word_1_118' title='bbox 294 2103 487 2170; x_wconf 89' lang='lat' dir='ltr'><strong>succedendi</strong></span> <span class='ocrx_word' id='word_1_119' title='bbox 525 2103 672 2170; x_wconf 89' lang='lat' dir='ltr'><strong>ordinem</strong></span> <span class='ocrx_word' id='word_1_120' title='bbox 712 2107 810 2190; x_wconf 89' lang='lat' dir='ltr'><strong>atque</strong></span> <span class='ocrx_word' id='word_1_121' title='bbox 852 2102 992 2170; x_wconf 90' lang='lat' dir='ltr'><strong>liberum</strong></span> <span class='ocrx_word' id='word_1_122' title='bbox 1029 2101 1194 2188; x_wconf 82' lang='lat' dir='ltr'><strong>religionis</strong></span> <span class='ocrx_word' id='word_1_123' title='bbox 1232 2101 1398 2168; x_wconf 82' lang='lat' dir='ltr'><strong>exercitium</strong></span> 
     </span>
     <span class='ocr_line' id='line_1_18' title="bbox 294 2213 1396 2301; baseline -0.006 -20"><span class='ocrx_word' id='word_1_124' title='bbox 294 2215 467 2300; x_wconf 84' lang='lat' dir='ltr'><strong>omniaque</strong></span> <span class='ocrx_word' id='word_1_125' title='bbox 490 2221 524 2282; x_wconf 91' lang='lat' dir='ltr'><strong>et</strong></span> <span class='ocrx_word' id='word_1_126' title='bbox 545 2215 712 2301; x_wconf 84' lang='lat' dir='ltr'><strong>privilegia</strong></span> <span class='ocrx_word' id='word_1_127' title='bbox 728 2220 761 2280; x_wconf 92' lang='lat' dir='ltr'><strong>et</strong></span> <span class='ocrx_word' id='word_1_128' title='bbox 776 2214 927 2282; x_wconf 88' lang='lat' dir='ltr'><strong>instituta</strong></span> <span class='ocrx_word' id='word_1_129' title='bbox 942 2214 1270 2300; x_wconf 88' lang='lat' dir='ltr'><strong>consuetudinesque.</strong></span> <span class='ocrx_word' id='word_1_130' title='bbox 1316 2213 1396 2296; x_wconf 86' lang='lat' dir='ltr'><strong>Atqu</strong></span> 
     </span>
     <span class='ocr_line' id='line_1_19' title="bbox 294 2321 1394 2410; baseline -0.003 -19"><span class='ocrx_word' id='word_1_131' title='bbox 294 2325 429 2410; x_wconf 82' lang='lat' dir='ltr'><strong>legitimi</strong></span> <span class='ocrx_word' id='word_1_132' title='bbox 460 2325 590 2391; x_wconf 89' lang='lat' dir='ltr'><strong>heredis</strong></span> <span class='ocrx_word' id='word_1_133' title='bbox 619 2345 718 2408; x_wconf 88' lang='lat' dir='ltr'><strong>quum</strong></span> <span class='ocrx_word' id='word_1_134' title='bbox 749 2331 851 2406; x_wconf 91' lang='lat' dir='ltr'><strong>esset,</strong></span> <span class='ocrx_word' id='word_1_135' title='bbox 879 2326 907 2390; x_wconf 89' lang='lat' dir='ltr'><strong>si</strong></span> <span class='ocrx_word' id='word_1_136' title='bbox 927 2331 1037 2392; x_wconf 89' lang='lat' dir='ltr'><strong>terrac</strong></span> <span class='ocrx_word' id='word_1_137' title='bbox 1059 2331 1214 2392; x_wconf 81' lang='lat' dir='ltr'><strong>vacarent</strong></span> <span class='ocrx_word' id='word_1_138' title='bbox 1236 2331 1273 2392; x_wconf 88' lang='lat' dir='ltr'><strong>et</strong></span> <span class='ocrx_word' id='word_1_139' title='bbox 1295 2324 1335 2392; x_wconf 85' lang='lat' dir='ltr'><strong>ab</strong></span> <span class='ocrx_word' id='word_1_140' title='bbox 1354 2321 1394 2388; x_wconf 83' lang='lat' dir='ltr'><strong>alio</strong></span> 
     </span>
     <span class='ocr_line' id='line_1_20' title="bbox 294 2435 1398 2521; baseline -0.003 -21"><span class='ocrx_word' id='word_1_141' title='bbox 294 2457 360 2501; x_wconf 90' lang='lat' dir='ltr'><strong>non</strong></span> <span class='ocrx_word' id='word_1_142' title='bbox 382 2441 558 2521; x_wconf 90' lang='lat' dir='ltr'><strong>occupatae</strong></span> <span class='ocrx_word' id='word_1_143' title='bbox 582 2441 699 2517; x_wconf 91' lang='lat' dir='ltr'><strong>essent,</strong></span> <span class='ocrx_word' id='word_1_144' title='bbox 720 2435 892 2520; x_wconf 90' lang='lat' dir='ltr'><strong>imperium</strong></span> <span class='ocrx_word' id='word_1_145' title='bbox 913 2435 1005 2520; x_wconf 89' lang='lat' dir='ltr'><strong>inire,</strong></span> <span class='ocrx_word' id='word_1_146' title='bbox 1026 2437 1151 2504; x_wconf 87' lang='lat' dir='ltr'><strong>nullam</strong></span> <span class='ocrx_word' id='word_1_147' title='bbox 1169 2436 1307 2504; x_wconf 86' lang='lat' dir='ltr'><strong>inveniri</strong></span> <span class='ocrx_word' id='word_1_148' title='bbox 1326 2451 1398 2520; x_wconf 86' lang='lat' dir='ltr'><strong>posse</strong></span> 
     </span>
    </p>
   </div>
   <div class='ocr_carea' id='block_1_3' title="bbox 293 2545 1402 3298">
    <p class='ocr_par' dir='ltr' id='par_1_4' title="bbox 294 2545 1306 2634">
     <span class='ocr_line' id='line_1_21' title="bbox 294 2545 1306 2634; baseline 0 -20"><span class='ocrx_word' id='word_1_149' title='bbox 294 2545 468 2630; x_wconf 90' lang='lat' dir='ltr'><strong>rationem,</strong></span> <span class='ocrx_word' id='word_1_150' title='bbox 492 2569 557 2634; x_wconf 88' lang='lat' dir='ltr'><strong>qua</strong></span> <span class='ocrx_word' id='word_1_151' title='bbox 579 2547 651 2632; x_wconf 92' lang='lat' dir='ltr'><strong>quis</strong></span> <span class='ocrx_word' id='word_1_152' title='bbox 672 2568 750 2613; x_wconf 90' lang='lat' dir='ltr'><strong>usus</strong></span> <span class='ocrx_word' id='word_1_153' title='bbox 773 2568 857 2632; x_wconf 87' lang='lat' dir='ltr'><strong>quae</strong></span> <span class='ocrx_word' id='word_1_154' title='bbox 878 2547 941 2632; x_wconf 89' lang='lat' dir='ltr'><strong>ipsi</strong></span> <span class='ocrx_word' id='word_1_155' title='bbox 961 2547 1133 2632; x_wconf 89' lang='lat' dir='ltr'><strong>petiissent</strong></span> <span class='ocrx_word' id='word_1_156' title='bbox 1156 2547 1306 2614; x_wconf 90' lang='lat' dir='ltr'><strong>dilueret.</strong></span> 
     </span>
    </p>

    <p class='ocr_par' dir='ltr' id='par_1_5' title="bbox 293 2653 1402 3298">
     <span class='ocr_line' id='line_1_22' title="bbox 357 2653 1400 2743; baseline -0.008 -17"><span class='ocrx_word' id='word_1_157' title='bbox 357 2659 419 2726; x_wconf 92' lang='lat' dir='ltr'><strong>Die</strong></span> <span class='ocrx_word' id='word_1_158' title='bbox 442 2660 492 2725; x_wconf 79' lang='lat'><strong>26.</strong></span> <span class='ocrx_word' id='word_1_159' title='bbox 514 2681 556 2724; x_wconf 92' lang='lat' dir='ltr'><strong>m.</strong></span> <span class='ocrx_word' id='word_1_160' title='bbox 579 2657 656 2727; x_wconf 88' lang='lat' dir='ltr'><strong>Juui</strong></span> <span class='ocrx_word' id='word_1_161' title='bbox 678 2680 776 2743; x_wconf 90' lang='lat' dir='ltr'><strong>quum</strong></span> <span class='ocrx_word' id='word_1_162' title='bbox 798 2679 850 2724; x_wconf 89' lang='lat' dir='ltr'><strong>res</strong></span> <span class='ocrx_word' id='word_1_163' title='bbox 873 2665 1026 2743; x_wconf 83' lang='lat' dir='ltr'><strong>ageretur</strong></span> <span class='ocrx_word' id='word_1_164' title='bbox 1052 2681 1124 2725; x_wconf 92' lang='lat' dir='ltr'><strong>cum</strong></span> <span class='ocrx_word' id='word_1_165' title='bbox 1146 2659 1330 2740; x_wconf 88' lang='lat' dir='ltr'><strong>ordinibus,</strong></span> <span class='ocrx_word' id='word_1_166' title='bbox 1355 2653 1400 2722; x_wconf 88' lang='lat' dir='ltr'><strong>etsi</strong></span> 
     </span>
     <span class='ocr_line' id='line_1_23' title="bbox 295 2769 1399 2854; baseline -0.005 -16"><span class='ocrx_word' id='word_1_167' title='bbox 295 2791 403 2838; x_wconf 88' lang='lat' dir='ltr'><strong>comcs</strong></span> <span class='ocrx_word' id='word_1_168' title='bbox 428 2769 727 2836; x_wconf 88' lang='lat' dir='ltr'><strong>Hohenzolleranus</strong></span> <span class='ocrx_word' id='word_1_169' title='bbox 759 2770 884 2836; x_wconf 88' lang='lat' dir='ltr'><strong>animos</strong></span> <span class='ocrx_word' id='word_1_170' title='bbox 912 2791 1023 2836; x_wconf 89' lang='lat' dir='ltr'><strong>eorum</strong></span> <span class='ocrx_word' id='word_1_171' title='bbox 1050 2771 1277 2854; x_wconf 86' lang='lat' dir='ltr'><strong>sollicitasset,</strong></span> <span class='ocrx_word' id='word_1_172' title='bbox 1309 2772 1399 2835; x_wconf 90' lang='lat' dir='ltr'><strong>tantus</strong></span> 
     </span>
     <span class='ocr_line' id='line_1_24' title="bbox 294 2877 1400 2967; baseline -0.007 -17"><span class='ocrx_word' id='word_1_173' title='bbox 294 2882 438 2964; x_wconf 90' lang='lat' dir='ltr'><strong>omnium</strong></span> <span class='ocrx_word' id='word_1_174' title='bbox 467 2901 640 2948; x_wconf 85' lang='lat' dir='ltr'><strong>consensus</strong></span> <span class='ocrx_word' id='word_1_175' title='bbox 669 2879 802 2945; x_wconf 89' lang='lat' dir='ltr'><strong>electori</strong></span> <span class='ocrx_word' id='word_1_176' title='bbox 835 2881 1038 2967; x_wconf 88' lang='lat' dir='ltr'><strong>potissimum</strong></span> <span class='ocrx_word' id='word_1_177' title='bbox 1063 2879 1344 2965; x_wconf 88' lang='lat' dir='ltr'><strong>Braudenburgico</strong></span> <span class='ocrx_word' id='word_1_178' title='bbox 1365 2877 1400 2942; x_wconf 85' lang='lat' dir='ltr'><strong>f-</strong></span> 
     </span>
     <span class='ocr_line' id='line_1_25' title="bbox 293 2991 1400 3076; baseline -0.008 -16"><span class='ocrx_word' id='word_1_179' title='bbox 293 2993 436 3060; x_wconf 77' lang='lat' dir='ltr'><strong>rontium</strong></span> <span class='ocrx_word' id='word_1_180' title='bbox 462 2991 568 3060; x_wconf 81' lang='lat' dir='ltr'><strong>factus</strong></span> <span class='ocrx_word' id='word_1_181' title='bbox 597 2997 661 3075; x_wconf 90' lang='lat' dir='ltr'><strong>est,</strong></span> <span class='ocrx_word' id='word_1_182' title='bbox 688 2996 739 3074; x_wconf 90' lang='lat' dir='ltr'><strong>ut,</strong></span> <span class='ocrx_word' id='word_1_183' title='bbox 769 2991 824 3076; x_wconf 91' lang='lat' dir='ltr'><strong>qui</strong></span> <span class='ocrx_word' id='word_1_184' title='bbox 851 2991 1047 3058; x_wconf 88' lang='lat' dir='ltr'><strong>aMauritio</strong></span> <span class='ocrx_word' id='word_1_185' title='bbox 1076 2993 1110 3057; x_wconf 91' lang='lat' dir='ltr'><strong>in</strong></span> <span class='ocrx_word' id='word_1_186' title='bbox 1138 2993 1260 3058; x_wconf 88' lang='lat' dir='ltr'><strong>ducatu</strong></span> <span class='ocrx_word' id='word_1_187' title='bbox 1288 2991 1400 3058; x_wconf 88' lang='lat' dir='ltr'><strong>relictus</strong></span> 
     </span>
     <span class='ocr_line' id='line_1_26' title="bbox 293 3099 1402 3184; baseline -0.008 -12"><span class='ocrx_word' id='word_1_188' title='bbox 293 3105 357 3172; x_wconf 84' lang='lat' dir='ltr'><strong>fuit</strong></span> <span class='ocrx_word' id='word_1_189' title='bbox 378 3103 518 3170; x_wconf 91' lang='lat' dir='ltr'><strong>Ottonus</strong></span> <span class='ocrx_word' id='word_1_190' title='bbox 546 3126 575 3170; x_wconf 88' lang='lat' dir='ltr'><strong>a.</strong></span> <span class='ocrx_word' id='word_1_191' title='bbox 592 3101 834 3170; x_wconf 88' lang='lat' dir='ltr'><strong>Stahrschedsll</strong></span> <span class='ocrx_word' id='word_1_192' title='bbox 855 3101 900 3168; x_wconf 91' lang='lat' dir='ltr'><strong>ad</strong></span> <span class='ocrx_word' id='word_1_193' title='bbox 927 3102 1091 3170; x_wconf 90' lang='lat' dir='ltr'><strong>dominum</strong></span> <span class='ocrx_word' id='word_1_194' title='bbox 1112 3125 1206 3169; x_wconf 91' lang='lat' dir='ltr'><strong>suum</strong></span> <span class='ocrx_word' id='word_1_195' title='bbox 1219 3103 1340 3184; x_wconf 84' lang='lat' dir='ltr'><strong>retulit,</strong></span> <span class='ocrx_word' id='word_1_196' title='bbox 1358 3099 1402 3164; x_wconf 82' lang='lat' dir='ltr'><strong>ho</strong></span> 
     </span>
     <span class='ocr_line' id='line_1_27' title="bbox 293 3211 1189 3298; baseline -0.004 -16"><span class='ocrx_word' id='word_1_197' title='bbox 293 3235 366 3282; x_wconf 88' lang='lat' dir='ltr'><strong>rum</strong></span> <span class='ocrx_word' id='word_1_198' title='bbox 381 3219 526 3281; x_wconf 89' lang='lat' dir='ltr'><strong>statuum</strong></span> <span class='ocrx_word' id='word_1_199' title='bbox 547 3211 645 3278; x_wconf 89' lang='lat' dir='ltr'><strong>fidem</strong></span> <span class='ocrx_word' id='word_1_200' title='bbox 670 3233 836 3298; x_wconf 90' lang='lat' dir='ltr'><strong>nunquam</strong></span> <span class='ocrx_word' id='word_1_201' title='bbox 861 3211 1062 3280; x_wconf 85' lang='lat' dir='ltr'><strong>defecturam</strong></span> <span class='ocrx_word' id='word_1_202' title='bbox 1075 3211 1122 3297; x_wconf 76' lang='lat'><strong>⁹²).</strong></span> <span class='ocrx_word' id='word_1_203' title='bbox 1183 3259 1189 3268; x_wconf 82' lang='lat'><strong>·</strong></span> 
     </span>
    </p>
   </div>
   <div class='ocr_carea' id='block_1_4' title="bbox 293 3413 1402 4526">
    <p class='ocr_par' dir='ltr' id='par_1_6' title="bbox 295 3413 1402 3768">
     <span class='ocr_line' id='line_1_28' title="bbox 362 3413 1402 3486; baseline -0.004 -16"><span class='ocrx_word' id='word_1_204' title='bbox 362 3417 399 3486; x_wconf 79' lang='lat'><strong>⁹⁰)</strong></span> <span class='ocrx_word' id='word_1_205' title='bbox 425 3417 467 3470; x_wconf 83' lang='lat' dir='ltr'><strong>Ex</strong></span> <span class='ocrx_word' id='word_1_206' title='bbox 492 3417 581 3484; x_wconf 86' lang='lat' dir='ltr'><strong>copia,</strong></span> <span class='ocrx_word' id='word_1_207' title='bbox 605 3417 740 3470; x_wconf 77' lang='lat' dir='ltr'><strong>Fiirstlich</strong></span> <span class='ocrx_word' id='word_1_208' title='bbox 757 3417 956 3480; x_wconf 76' lang='lat' dir='ltr'><strong>Burgauiscbcr</strong></span> <span class='ocrx_word' id='word_1_209' title='bbox 977 3419 1165 3482; x_wconf 79' lang='lat' dir='ltr'><strong>Abgesandter</strong></span> <span class='ocrx_word' id='word_1_210' title='bbox 1195 3420 1240 3471; x_wconf 89' lang='lat' dir='ltr'><strong>bei</strong></span> <span class='ocrx_word' id='word_1_211' title='bbox 1263 3419 1314 3470; x_wconf 87' lang='lat' dir='ltr'><strong>etc.</strong></span> <span class='ocrx_word' id='word_1_212' title='bbox 1336 3413 1402 3468; x_wconf 79' lang='lat' dir='ltr'><strong>Ernst</strong></span> 
     </span>
     <span class='ocr_line' id='line_1_29' title="bbox 295 3507 1400 3580; baseline -0.005 -16"><span class='ocrx_word' id='word_1_213' title='bbox 295 3515 347 3580; x_wconf 89' lang='lat' dir='ltr'><strong>etc,</strong></span> <span class='ocrx_word' id='word_1_214' title='bbox 364 3511 510 3576; x_wconf 78' lang='lat' dir='ltr'><strong>Wolfgaug</strong></span> <span class='ocrx_word' id='word_1_215' title='bbox 527 3511 655 3564; x_wconf 88' lang='lat' dir='ltr'><strong>Wilhelm</strong></span> <span class='ocrx_word' id='word_1_216' title='bbox 677 3513 866 3574; x_wconf 78' lang='lat' dir='ltr'><strong>gescbeheusn</strong></span> <span class='ocrx_word' id='word_1_217' title='bbox 883 3512 1001 3575; x_wconf 74' lang='lat' dir='ltr'><strong>Fiirtrass</strong></span> <span class='ocrx_word' id='word_1_218' title='bbox 1026 3515 1072 3578; x_wconf 80' lang='lat' dir='ltr'><strong>qui</strong></span> <span class='ocrx_word' id='word_1_219' title='bbox 1099 3515 1186 3564; x_wconf 81' lang='lat' dir='ltr'><strong>exstat</strong></span> <span class='ocrx_word' id='word_1_220' title='bbox 1215 3513 1244 3564; x_wconf 91' lang='lat' dir='ltr'><strong>in</strong></span> <span class='ocrx_word' id='word_1_221' title='bbox 1273 3515 1335 3564; x_wconf 79' lang='lat' dir='ltr'><strong>Ber,</strong></span> <span class='ocrx_word' id='word_1_222' title='bbox 1359 3507 1400 3560; x_wconf 85' lang='lat' dir='ltr'><strong>Jui</strong></span> 
     </span>
     <span class='ocr_line' id='line_1_30' title="bbox 295 3606 1401 3668; baseline -0.007 -8"><span class='ocrx_word' id='word_1_223' title='bbox 295 3606 441 3660; x_wconf 83' lang='lat' dir='ltr'><strong>Fasciculo.</strong></span> <span class='ocrx_word' id='word_1_224' title='bbox 463 3607 581 3658; x_wconf 79' lang='lat' dir='ltr'><strong>biarchis</strong></span> <span class='ocrx_word' id='word_1_225' title='bbox 599 3607 633 3658; x_wconf 85' lang='lat' dir='ltr'><strong>ad</strong></span> <span class='ocrx_word' id='word_1_226' title='bbox 651 3606 822 3658; x_wconf 85' lang='lat' dir='ltr'><strong>Possidentos</strong></span> <span class='ocrx_word' id='word_1_227' title='bbox 845 3607 874 3656; x_wconf 92' lang='lat' dir='ltr'><strong>et</strong></span> <span class='ocrx_word' id='word_1_228' title='bbox 894 3607 930 3658; x_wconf 89' lang='lat' dir='ltr'><strong>ad</strong></span> <span class='ocrx_word' id='word_1_229' title='bbox 947 3607 1054 3660; x_wconf 86' lang='lat' dir='ltr'><strong>ordines</strong></span> <span class='ocrx_word' id='word_1_230' title='bbox 1076 3607 1179 3668; x_wconf 80' lang='lat' dir='ltr'><strong>legatos</strong></span> <span class='ocrx_word' id='word_1_231' title='bbox 1198 3608 1271 3659; x_wconf 85' lang='lat' dir='ltr'><strong>misit</strong></span> <span class='ocrx_word' id='word_1_232' title='bbox 1287 3607 1401 3660; x_wconf 85' lang='lat' dir='ltr'><strong>Joauuen</strong></span> 
     </span>
     <span class='ocr_line' id='line_1_31' title="bbox 295 3699 1179 3768; baseline -0.005 -13"><span class='ocrx_word' id='word_1_233' title='bbox 295 3701 434 3755; x_wconf 81' lang='lat' dir='ltr'><strong>Urbanum</strong></span> <span class='ocrx_word' id='word_1_234' title='bbox 451 3701 547 3768; x_wconf 86' lang='lat' dir='ltr'><strong>Lydel,</strong></span> <span class='ocrx_word' id='word_1_235' title='bbox 564 3701 712 3752; x_wconf 69' lang='lat' dir='ltr'><strong>adrianum</strong></span> <span class='ocrx_word' id='word_1_236' title='bbox 729 3699 837 3766; x_wconf 87' lang='lat' dir='ltr'><strong>Hildcn,</strong></span> <span class='ocrx_word' id='word_1_237' title='bbox 854 3701 1053 3754; x_wconf 78' lang='lat' dir='ltr'><strong>Ferdinandum</strong></span> <span class='ocrx_word' id='word_1_238' title='bbox 1071 3701 1179 3766; x_wconf 80' lang='lat' dir='ltr'><strong>Sydam.</strong></span> 
     </span>
    </p>

    <p class='ocr_par' dir='ltr' id='par_1_7' title="bbox 361 3793 1114 3862">
     <span class='ocr_line' id='line_1_32' title="bbox 361 3793 1114 3862; baseline -0.001 -15"><span class='ocrx_word' id='word_1_239' title='bbox 361 3793 398 3862; x_wconf 77' lang='lat'><strong>³¹)</strong></span> <span class='ocrx_word' id='word_1_240' title='bbox 416 3795 441 3847; x_wconf 85' lang='lat' dir='ltr'><strong>d.</strong></span> <span class='ocrx_word' id='word_1_241' title='bbox 460 3801 501 3848; x_wconf 77' lang='lat' dir='ltr'><strong>io.</strong></span> <span class='ocrx_word' id='word_1_242' title='bbox 519 3811 553 3846; x_wconf 89' lang='lat' dir='ltr'><strong>m.</strong></span> <span class='ocrx_word' id='word_1_243' title='bbox 571 3795 634 3848; x_wconf 83' lang='lat' dir='ltr'><strong>Jun.</strong></span> <span class='ocrx_word' id='word_1_244' title='bbox 652 3795 793 3846; x_wconf 87' lang='lat' dir='ltr'><strong>undecima</strong></span> <span class='ocrx_word' id='word_1_245' title='bbox 810 3793 877 3846; x_wconf 88' lang='lat' dir='ltr'><strong>hora</strong></span> <span class='ocrx_word' id='word_1_246' title='bbox 893 3795 1114 3846; x_wconf 86' lang='lat' dir='ltr'><strong>antemeridiana.</strong></span> 
     </span>
    </p>

    <p class='ocr_par' dir='ltr' id='par_1_8' title="bbox 294 3885 1399 4142">
     <span class='ocr_line' id='line_1_33' title="bbox 363 3885 1399 3958; baseline -0.005 -17"><span class='ocrx_word' id='word_1_247' title='bbox 363 3885 396 3958; x_wconf 75' lang='lat'><strong>⁹²)</strong></span> <span class='ocrx_word' id='word_1_248' title='bbox 416 3889 596 3942; x_wconf 81' lang='lat' dir='ltr'><strong>Starsehedell</strong></span> <span class='ocrx_word' id='word_1_249' title='bbox 613 3891 692 3942; x_wconf 75' lang='lat' dir='ltr'><strong>dat.</strong></span> <span class='ocrx_word' id='word_1_250' title='bbox 709 3903 744 3940; x_wconf 89' lang='lat' dir='ltr'><strong>m.</strong></span> <span class='ocrx_word' id='word_1_251' title='bbox 762 3889 825 3940; x_wconf 77' lang='lat' dir='ltr'><strong>dun.</strong></span> <span class='ocrx_word' id='word_1_252' title='bbox 837 3892 906 3942; x_wconf 84' lang='lat' dir='ltr'><strong>stn.</strong></span> <span class='ocrx_word' id='word_1_253' title='bbox 926 3888 1028 3957; x_wconf 77' lang='lat' dir='ltr'><strong>(colligi</strong></span> <span class='ocrx_word' id='word_1_254' title='bbox 1040 3890 1136 3956; x_wconf 87' lang='lat' dir='ltr'><strong>potest,</strong></span> <span class='ocrx_word' id='word_1_255' title='bbox 1154 3888 1311 3952; x_wconf 86' lang='lat' dir='ltr'><strong>scriptorem</strong></span> <span class='ocrx_word' id='word_1_256' title='bbox 1330 3887 1399 3948; x_wconf 83' lang='lat' dir='ltr'><strong>ipsun</strong></span> 
     </span>
     <span class='ocr_line' id='line_1_34' title="bbox 295 3975 1399 4052; baseline -0.011 -14"><span class='ocrx_word' id='word_1_257' title='bbox 295 3985 397 4038; x_wconf 76' lang='lat' dir='ltr'><strong>cliviae</strong></span> <span class='ocrx_word' id='word_1_258' title='bbox 424 3985 560 4052; x_wconf 74' lang='lat' dir='ltr'><strong>adfuisse.)</strong></span> <span class='ocrx_word' id='word_1_259' title='bbox 589 3997 641 4050; x_wconf 84' lang='lat' dir='ltr'><strong>„an</strong></span> <span class='ocrx_word' id='word_1_260' title='bbox 667 3984 768 4036; x_wconf 88' lang='lat' dir='ltr'><strong>diesem</strong></span> <span class='ocrx_word' id='word_1_261' title='bbox 795 3983 873 4036; x_wconf 84' lang='lat' dir='ltr'><strong>Tbeil</strong></span> <span class='ocrx_word' id='word_1_262' title='bbox 899 3985 949 4036; x_wconf 87' lang='lat' dir='ltr'><strong>der</strong></span> <span class='ocrx_word' id='word_1_263' title='bbox 966 3985 1118 4038; x_wconf 87' lang='lat' dir='ltr'><strong>Uuterthan</strong></span> <span class='ocrx_word' id='word_1_264' title='bbox 1145 3984 1213 4034; x_wconf 84' lang='lat' dir='ltr'><strong>wird</strong></span> <span class='ocrx_word' id='word_1_265' title='bbox 1239 3984 1329 4034; x_wconf 81' lang='lat' dir='ltr'><strong>feruor</strong></span> <span class='ocrx_word' id='word_1_266' title='bbox 1349 3975 1399 4030; x_wconf 85' lang='lat' dir='ltr'><strong>kein</strong></span> 
     </span>
     <span class='ocr_line' id='line_1_35' title="bbox 294 4079 501 4142; baseline -0.014 -10"><span class='ocrx_word' id='word_1_267' title='bbox 294 4080 401 4142; x_wconf 78' lang='lat' dir='ltr'><strong>Mangcl</strong></span> <span class='ocrx_word' id='word_1_268' title='bbox 418 4079 501 4132; x_wconf 82' lang='lat' dir='ltr'><strong>seiu.“</strong></span> 
     </span>
    </p>

    <p class='ocr_par' dir='ltr' id='par_1_9' title="bbox 293 4161 1398 4526">
     <span class='ocr_line' id='line_1_36' title="bbox 363 4161 1398 4234; baseline -0.01 -8"><span class='ocrx_word' id='word_1_269' title='bbox 363 4174 438 4226; x_wconf 87' lang='lat' dir='ltr'><strong>Idem</strong></span> <span class='ocrx_word' id='word_1_270' title='bbox 456 4179 497 4226; x_wconf 79' lang='lat'><strong>26.</strong></span> <span class='ocrx_word' id='word_1_271' title='bbox 515 4187 550 4224; x_wconf 90' lang='lat' dir='ltr'><strong>m.</strong></span> <span class='ocrx_word' id='word_1_272' title='bbox 568 4171 630 4224; x_wconf 84' lang='lat' dir='ltr'><strong>Jun.</strong></span> <span class='ocrx_word' id='word_1_273' title='bbox 649 4173 681 4224; x_wconf 91' lang='lat' dir='ltr'><strong>st.</strong></span> <span class='ocrx_word' id='word_1_274' title='bbox 699 4185 725 4224; x_wconf 89' lang='lat' dir='ltr'><strong>n.</strong></span> <span class='ocrx_word' id='word_1_275' title='bbox 744 4171 817 4224; x_wconf 81' lang='lat' dir='ltr'><strong>Heut</strong></span> <span class='ocrx_word' id='word_1_276' title='bbox 834 4171 923 4224; x_wconf 90' lang='lat' dir='ltr'><strong>haben</strong></span> <span class='ocrx_word' id='word_1_277' title='bbox 939 4171 990 4224; x_wconf 86' lang='lat' dir='ltr'><strong>wir</strong></span> <span class='ocrx_word' id='word_1_278' title='bbox 1008 4170 1087 4224; x_wconf 86' lang='lat' dir='ltr'><strong>eiueu</strong></span> <span class='ocrx_word' id='word_1_279' title='bbox 1103 4169 1212 4234; x_wconf 68' lang='lat' dir='ltr'><strong>Asiane</strong></span> <span class='ocrx_word' id='word_1_280' title='bbox 1228 4169 1349 4232; x_wconf 72' lang='lat' dir='ltr'><strong>gemacht</strong></span> <span class='ocrx_word' id='word_1_281' title='bbox 1361 4161 1398 4216; x_wconf 82' lang='lat' dir='ltr'><strong>uit</strong></span> 
     </span>
     <span class='ocr_line' id='line_1_37' title="bbox 294 4257 1396 4333; baseline 0 -13"><span class='ocrx_word' id='word_1_282' title='bbox 294 4267 348 4320; x_wconf 85' lang='lat' dir='ltr'><strong>dan</strong></span> <span class='ocrx_word' id='word_1_283' title='bbox 365 4267 522 4320; x_wconf 78' lang='lat' dir='ltr'><strong>clevischen</strong></span> <span class='ocrx_word' id='word_1_284' title='bbox 540 4265 659 4318; x_wconf 83' lang='lat' dir='ltr'><strong>Stendsn</strong></span> <span class='ocrx_word' id='word_1_285' title='bbox 684 4261 994 4333; x_wconf 57' lang='lat' dir='ltr'><strong>subterminatum,</strong></span> <span class='ocrx_word' id='word_1_286' title='bbox 1021 4267 1148 4328; x_wconf 73' lang='lat' dir='ltr'><strong>erseigsn</strong></span> <span class='ocrx_word' id='word_1_287' title='bbox 1172 4266 1229 4318; x_wconf 77' lang='lat' dir='ltr'><strong>sicii</strong></span> <span class='ocrx_word' id='word_1_288' title='bbox 1252 4277 1304 4326; x_wconf 76' lang='lat' dir='ltr'><strong>gar</strong></span> <span class='ocrx_word' id='word_1_289' title='bbox 1328 4257 1396 4320; x_wconf 74' lang='lat' dir='ltr'><strong>wollt</strong></span> 
     </span>
     <span class='ocr_line' id='line_1_38' title="bbox 294 4349 1395 4428; baseline -0.008 -14"><span class='ocrx_word' id='word_1_290' title='bbox 294 4361 393 4428; x_wconf 68' lang='lat' dir='ltr'><strong>sedech</strong></span> <span class='ocrx_word' id='word_1_291' title='bbox 410 4362 530 4415; x_wconf 85' lang='lat' dir='ltr'><strong>schciuet</strong></span> <span class='ocrx_word' id='word_1_292' title='bbox 554 4362 595 4414; x_wconf 82' lang='lat' dir='ltr'><strong>sis</strong></span> <span class='ocrx_word' id='word_1_293' title='bbox 620 4375 700 4414; x_wconf 79' lang='lat' dir='ltr'><strong>wana</strong></span> <span class='ocrx_word' id='word_1_294' title='bbox 728 4361 768 4414; x_wconf 86' lang='lat' dir='ltr'><strong>sie</strong></span> <span class='ocrx_word' id='word_1_295' title='bbox 794 4361 870 4414; x_wconf 81' lang='lat' dir='ltr'><strong>mehr</strong></span> <span class='ocrx_word' id='word_1_296' title='bbox 887 4361 1081 4424; x_wconf 75' lang='lat' dir='ltr'><strong>Braudeuburg</strong></span> <span class='ocrx_word' id='word_1_297' title='bbox 1103 4361 1143 4412; x_wconf 83' lang='lat' dir='ltr'><strong>als</strong></span> <span class='ocrx_word' id='word_1_298' title='bbox 1160 4361 1236 4414; x_wconf 80' lang='lat' dir='ltr'><strong>Pfaiz</strong></span> <span class='ocrx_word' id='word_1_299' title='bbox 1254 4349 1395 4410; x_wconf 78' lang='lat' dir='ltr'><strong>siiectiouirt</strong></span> 
     </span>
     <span class='ocr_line' id='line_1_39' title="bbox 293 4453 667 4526; baseline 0 -18"><span class='ocrx_word' id='word_1_300' title='bbox 293 4453 405 4508; x_wconf 75' lang='lat' dir='ltr'><strong>wahren</strong></span> <span class='ocrx_word' id='word_1_301' title='bbox 421 4453 539 4524; x_wconf 66' lang='lat' dir='ltr'><strong>(matut</strong></span> <span class='ocrx_word' id='word_1_302' title='bbox 556 4455 667 4526; x_wconf 62' lang='lat' dir='ltr'><strong>mccl).</strong></span> 
     </span>
    </p>
   </div>
   <div class='ocr_carea' id='block_1_5' title="bbox 0 0 1495 5040">
    <p class='ocr_par' dir='ltr' id='par_1_10' title="bbox 0 0 1495 5040">
     <span class='ocr_line' id='line_1_40' title="bbox 0 0 1495 5040; baseline 0 0"><span class='ocrx_word' id='word_1_303' title='bbox 0 0 1495 5040; x_wconf 95' lang='lat' dir='ltr'><strong> </strong></span> 
     </span>
    </p>
   </div>
  </div>
 </body>
</html>
