2980 5040
720 232 931 298 ...12-

326 420 438 504 Neque
480 419 572 486 multi
608 420 738 485 frrerum
774 419 830 503 qui
859 439 958 484 causa
987 418 1119 484 deserta
1147 417 1305 503 publica.
1352 440 1436 482 curn

264 531 490 598 commissoriis
515 532 674 597 rationem
702 529 990 596 communicabant.
1045 531 1072 594 E
1100 529 1325 596 consiliariis
1363 527 1435 594 Oli-

262 642 411 708 vensibus
433 641 549 724 nullus,
572 663 589 707 e
611 641 848 708 Juliaoensibus
869 641 1023 726 perpauci
1032 639 1078 722 1⁴).

325 753 539 820 Accessenmt
562 773 601 818 ex
623 752 788 818 ordinibus
810 751 942 836 quidam
963 771 1072 816 rerum
1093 771 1254 818 novarum
1279 751 1431 835 cupidi,

262 863 408 948 religioni
438 863 615 930 catholicae
645 863 782 944 addicti,
815 863 1006 948 quibuscum
1042 861 1244 928 Schenkerus
1301 863 1430 928 stetit

263 975 403 1053 Quorum
426 975 546 1042 auxilio
569 973 757 1040 circumdati
783 979 817 1039 et
838 974 944 1058 adjuti
966 974 1178 1040 commissarii
1198 973 1230 1038 d.
1256 972 1301 1038 9.
1334 974 1427 1038 Dec.

262 1106 425 1152 recessum
446 1085 608 1170 quendem
646 1121 686 1132 ·-
722 1091 759 1150 ut
785 1084 938 1150 dicebaut
973 1121 1015 1130 -
1051 1090 1299 1168 conceperunt:
1353 1106 1425 1169 quo

264 1197 473 1262 constitutum
504 1203 568 1279 est,
597 1218 660 1282 quo
685 1195 780 1262 modo
807 1217 860 1262 res
888 1195 1054 1279 publicae,
1085 1195 1241 1278 quamdiu
1267 1195 1361 1262 dux
1388 1203 1426 1261 et

262 1305 348 1374 filius
370 1307 463 1374 heres
486 1313 703 1391 aegrotarent,
733 1307 1046 1374 administraremus.
1090 1306 1158 1384 Quo
1186 1327 1227 1371 ex
1255 1327 1421 1373 recessu

265 1419 476 1486 commissarii
499 1441 561 1504 quc
582 1419 678 1486 modo
693 1419 841 1484 ordinum
856 1417 1023 1504 privilegia
1037 1417 1263 1497 tractaverint,
1293 1424 1418 1502 patet.

326 1531 481 1596 Edicrmt:
511 1537 549 1597 ut
576 1531 740 1616 provincia
769 1551 916 1615 quaeque
946 1551 986 1594 ex
1014 1527 1178 1594 veteribus
1197 1528 1289 1612 juris
1330 1551 1413 1595 conu

266 1642 490 1708 suetudinibus
512 1641 715 1725 moribusque
738 1641 869 1706 traditis
891 1640 1097 1724 gubernetur.
1140 1639 1230 1717 Quae
1254 1641 1409 1724 quidem

266 1753 426 1818 sententis
456 1772 520 1818 nou
549 1753 675 1818 sincera
703 1752 782 1832 lirit3
812 1772 888 1816 nam
915 1772 999 1836 quse
1021 1755 1201 1834 sequuntur
1223 1753 1405 1818 contraris

264 1867 347 1928 suut.
389 1862 524 1928 Addunt
545 1864 643 1928 enim:
673 1884 772 1947 quum
799 1862 840 1928 de
862 1863 1037 1946 privilegiis
1059 1861 1173 1928 habits
1195 1864 1399 1944 quaestione
1466 1887 1469 1935 ι,

264 1979 375 2040 vetera
397 1975 548 2040 instituta
570 1974 805 2040 commissarios
828 1973 1008 2057 effugerint,
1041 1994 1080 2038 ex
1110 1973 1243 2038 statutis
1266 1981 1395 2052 autem,

263 2105 346 2171 quae
365 2087 456 2170 justa
478 2087 583 2152 sinte
567 2085 765 2169 etlegitima‚
787 2085 923 2168 intelligi
945 2084 1165 2168 nonpossint
1189 2104 1243 2148 res
1259 2105 1307 2150 ex
1325 2107 1388 2150 eon
1464 2068 1469 2152 l

263 2199 522 2263 stitutionibus
513 2198 640 2280 rmperii
669 2197 852 2261 Germanici
882 2201 915 2258 et
945 2217 984 2260 ex
1011 2196 1085 2279 jure
1116 2197 1278 2260 communi
1314 2203 1380 2262 ten-

262 2312 377 2389 perent
377 2329 425 2370 ur.
470 2307 507 2369 ln
536 2307 679 2370 locum
670 2307 727 2388 rgit
728 2327 767 2369 ur
795 2305 1032 2390 privilegiorum
1062 2306 1308 2390 provinciarum
1332 2309 1385 2372 sin-
1463 2153 1467 2409 l

262 2416 410 2499 gulosum
438 2437 498 2501 pro
527 2437 719 2501 unaqueque
750 2437 849 2482 unum
878 2416 998 2482 illud
985 2438 1039 2500 Jus
1067 2417 1194 2500 imperii
1217 2436 1384 2484 commune

264 2527 432 2593 substitt
369 2534 417 2592 tu1
409 2528 528 2610 t.ur¹⁵)
1463 2448 1467 2619 l

326 2639 374 2703 De
397 2662 460 2722 quo
483 2659 613 2704 recessu
632 2661 714 2724 quae
730 2645 834 2704 status
851 2640 1035 2704 censuerint
1021 2638 1133 2704 tinfra
1154 2641 1369 2706 enarrabimus

263 2751 356 2816 Prius
379 2749 419 2814 de
442 2751 710 2814 Interressentum
734 2771 811 2814 eura
824 2749 916 2814 nobis
933 2749 1092 2833 agendum
1108 2755 1167 2814 est.
1211 2751 1276 2828 Qui
1290 2766 1367 2836 quum
1465 2753 1466 2768 ¹

261 2863 342 2928 bene
364 2861 591 2944 intelligerent,
608 2861 849 2926 ¹commissarios
871 2861 980 2945 inopia
995 2859 1085 2926 ducis
1108 2867 1141 2925 et
1162 2862 1374 2928 imbecillitate

261 2974 294 3038 in
320 2973 526 3058 imperatoris
556 2973 757 3038 commodum
787 2973 945 3038 abusuros
973 2993 1058 3054 esse,
1087 2993 1192 3056 neque
1214 2974 1380 3048 nescirent,

261 3105 330 3149 rem
351 3085 515 3167 publicam
538 3083 652 3146 animis
673 3081 882 3162 flagrantibus
896 3082 1063 3149 turbatam
1077 3084 1186 3168 potius
1202 3103 1273 3149 esse
1290 3101 1380 3168 quam

334 3315 368 3379 14)
388 3317 559 3370 Consiliarios
577 3319 709 3386 Julisoos,
734 3320 779 3383 qui
803 3321 950 3373 catholicae
968 3322 1031 3372 fidei
1049 3323 1149 3373 addicti
1167 3323 1256 3387 erant,
1279 3323 1382 3371 conten·

211 3477 213 3480 Ι
263 3413 348 3464 tiones
366 3426 425 3464 cum
444 3413 580 3464 ordinibus
599 3415 737 3481 habuisse,
756 3429 789 3466 ex
806 3415 904 3467 litteris
921 3416 1088 3478 imperatoris
1107 3417 1141 3466 sd
1158 3416 1322 3467 Jacobseem
1341 3415 1382 3463 du·

263 3509 357 3558 cissam
383 3508 451 3558 datis
476 3510 580 3570 Progne
605 3509 629 3558 d.
654 3515 695 3560 27.
718 3523 752 3560 m.
776 3511 842 3561 Nor.
867 3516 930 3562 1591
955 3509 1072 3574 constat,
1094 3511 1121 3559 in
1143 3509 1237 3572 quibus
1259 3508 1382 3570 scriptum

265 3603 330 3667 erat,
348 3614 470 3664 sperasse
488 3603 675 3664 imperatorem
689 3605 881 3654 commissarios
899 3604 967 3654 auch
986 3603 1046 3652 dem
1058 3603 1192 3653 zwischen
1211 3603 1381 3654 denraethen
1465 3626 1467 3683 q

263 3695 317 3745 und
341 3695 459 3746 Stdnden
486 3697 678 3747 entstandenen
707 3698 907 3748 unucrnehmen
934 3697 988 3746 und
1016 3696 1139 3748 misstrar
1166 3697 1265 3758 diglioh
1294 3698 1382 3748 helien

265 3789 384 3840 wiirden.
402 3790 509 3852 Mscrpt.
527 3791 625 3853 Hdblg.
645 3792 690 3842 fol.
712 3798 852 3843 ios-111

331 3881 364 3947 15)
383 3884 481 3934 Dicunt
499 3885 679 3936 commissarii.
715 3885 798 3936 Jedes
815 3884 1004 3936 Fiirstenthum
1028 3885 1076 3934 soll
1100 3848 1167 3934 nach
1192 3885 1284 3934 seinen
1301 3884 1380 3936 Privi-

263 3979 353 4042 legion
380 3979 448 4028 alter
475 3979 646 4039 gewohuheit
671 3979 725 4030 und
752 3980 924 4030 herkommen
950 3978 1034 4038 regis
1057 3979 1174 4028 werden.
1219 3978 1378 4028 authithesis.

267 4073 310 4122 Da
326 4086 388 4122 man
406 4074 472 4123 aber
488 4071 536 4124 mit
552 4073 679 4125 ermetem
696 4073 765 4126 alteo
782 4071 941 4126 tertomuueu
964 4070 1005 4122 uit
1020 4069 1113 4124 kouuie
1129 4070 1292 4134 zukommeo,
1317 4071 1395 4120 auch·

264 4165 307 4215 dic
321 4171 419 4218 statuta
430 4163 502 4218 keiue
518 4181 606 4218 macae
624 4166 690 4219 uoci
702 4167 830 4236 mdtuouq
841 4163 946 4235 gebenn,
965 4179 993 4216 so
1007 4167 1072 4216 sclle
1085 4167 1132 4216 des
1144 4165 1263 4226 heiligen
1275 4165 1378 4215 Reichs·

265 4258 478 4310 eonsututionen
506 4261 575 4311 auch
603 4260 646 4310 die
675 4261 782 4322 gemein
805 4259 995 4310 beschriebene
1022 4260 1131 4312 rechten
1153 4261 1300 4321 gebraucht
1321 4259 1378 4310 undt

270 4353 313 4404 die
330 4353 417 4404 Justia
435 4354 551 4404 demach
569 4355 677 4415 gestellt
693 4354 758 4404 undt
775 4352 935 4403 administrit
951 4353 1098 4402 werdtenn.
