2980 5040
579 298 768 362 ..9-

116 492 218 569 mum)
254 509 338 572 quae
370 486 590 572 praestitisset
618 485 712 551 irrita
738 505 809 550 esse
834 483 971 569 jussit⁶).
1020 482 1236 550 Execerbavit

113 602 210 686 igitur
239 590 385 666 statuum
414 597 538 662 animos
566 618 631 662 non
658 602 726 662 tam
748 596 941 676 Guilelmus,
970 595 1025 678 qui
1045 593 1236 660 confirmata

113 711 281 797 privilegia
295 708 496 785 retractavit,
512 729 609 790 quem
625 707 916 774 commissariorum
930 705 1029 786 fraus,
1045 726 1110 788 qua
1125 724 1234 768 senem

112 823 205 888 illum
231 821 361 904 inopem
388 819 476 884 renis
503 817 728 884 formidinibus
764 816 966 882 timefactum
1003 814 1043 880 de
1072 815 1235 881 sententia

113 955 175 1000 sua
190 931 409 998 deduxissent.
453 929 537 995 Nam
552 949 651 1012 quum
665 928 753 994 mala
767 927 830 992 fide
846 927 1082 1006 enunciassent,
1105 925 1234 991 ordines

115 1049 300 1108 exterorum
327 1040 541 1120 dominorum,
572 1060 708 1123 quorum
731 1039 851 1104 auxilio
877 1059 1002 1103 summa
1023 1058 1132 1102 rerum
1153 1037 1234 1102 arri-

116 1157 246 1238 perent,
269 1171 337 1216 esre
359 1150 628 1230 studiosissimos,
651 1150 765 1215 ducem
785 1150 921 1216 invitum
940 1154 977 1214 ut
996 1147 1234 1232 privilegiorum

117 1263 337 1341 abolitionem,
367 1283 466 1345 quam
493 1261 550 1326 diu
578 1265 801 1343 recusaverat,
834 1260 970 1328 nominis
1000 1257 1234 1343 subscriptione

115 1373 263 1454 sanciret,
285 1372 520 1453 induxerunt⁷t
1240 1375 1245 1388 '

178 1484 346 1567 Quumque
383 1483 512 1548 ordines
547 1482 829 1567 pronunciassent,
866 1484 894 1548 si
924 1504 1008 1548 nova
1034 1481 1234 1562 molirentur,

113 1595 186 1662 lieri
208 1614 317 1678 posse,
354 1600 392 1660 ut
411 1593 503 1677 plebs
526 1593 718 1658 seditionem
739 1593 877 1674 faceret,
915 1592 1100 1676 depravatis
1123 1609 1234 1656 eorum

113 1706 221 1772 verbis
244 1710 278 1770 et
298 1705 332 1770 in
352 1705 445 1789 pejus
467 1704 601 1770 mutatis
621 1705 832 1770 commissarii
847 1704 890 1770 ad
903 1704 1133 1788 imperatorem
1147 1707 1234 1766 retu-

112 1817 230 1897 lerunt,
252 1815 295 1882 ab
316 1815 482 1882 ordinibus
503 1815 662 1882 tumultus
683 1815 857 1900 pereri⁸).¹

185 2051 206 2115 6)
225 2055 266 2104 De
284 2054 334 2104 hac
350 2065 380 2103 re
397 2053 516 2104 Josnnes
533 2053 671 2104 Palatinus
688 2053 716 2104 in
735 2053 848 2115 epistole
865 2053 891 2104 d.
909 2059 950 2104 29.
968 2067 1003 2103 ιι.
1022 2051 1080 2102 Oct.
1098 2051 1161 2102 data
1179 2052 1234 2112 (iol.

119 2150 229 2210 22-49)
249 2145 322 2210 „niu
338 2147 517 2210 (septinceps)
536 2147 623 2197 seines
641 2147 733 2198 Theils
751 2148 833 2196 davor
850 2147 976 2206 gebelten
994 2147 1055 2196 dass
1072 2146 1097 2195 d.
1116 2145 1234 2196 Gesand-

118 2243 164 2291 ten
181 2241 254 2291 nicht
269 2242 317 2291 mit
334 2241 433 2292 uuthun
454 2240 566 2290 etlicber
586 2241 706 2300 weniger
723 2238 795 2290 Rhis
807 2240 859 2288 den
871 2239 1005 2290 ldblicben
1017 2239 1108 2288 Altten
1120 2237 1234 2287 Fiirsten

115 2333 165 2384 Inn
180 2335 297 2396 jeaigem
315 2335 421 2386 hohern
438 2333 514 2384 Alter
532 2334 582 2384 Inn
599 2347 628 2384 so
646 2333 744 2383 krraer
762 2333 821 2384 Zeit
838 2347 872 2383 au
886 2334 993 2393 gebung
1006 2331 1117 2382 etlicher
1130 2343 1235 2381 massen

116 2428 357 2490 wiederwertiiger
374 2429 500 2480 beschaid
518 2427 615 2478 uoltten
632 2429 740 2488 bewegt
757 2428 854 2492 haben,
873 2427 943 2477 darm
961 2427 982 2477 1.
1001 2427 1032 2476 F.
1052 2426 1083 2477 G.
1102 2427 1235 2486 besorgen

114 2523 149 2572 du
166 2523 255 2573 solcire
264 2523 401 2582 bandlung
417 2535 464 2573 vor
481 2523 563 2572 andro
576 2523 664 2572 Leuth
676 2522 743 2572 solte
756 2522 915 2586 gelsngcnn,
930 2521 1034 2570 solches
1047 2521 1091 2570 ein
1102 2520 1235 2570 sclaambs

115 2616 249 2666 msciem
266 2615 360 2666 wiirde
378 2615 527 2680 gewinnen,
545 2617 655 2666 wollten
672 2616 749 2666 Ihres
766 2615 874 2666 Theilsc
892 2614 1044 2680 wdmchen
1063 2615 1124 2664 dass
1142 2625 1171 2664 es
1188 2625 1235 2662 un—

116 2709 293 2760 derlassenn.“
312 2709 348 2760 Et
364 2709 482 2786 ordines:
501 2709 556 2770 (iol.
577 2713 633 2771 119)
653 2709 728 2772 ,Vou
746 2709 831 2758 Ibnen
849 2709 902 2758 den
913 2709 1019 2758 Herren
1030 2707 1235 2758 Commissurien

114 2803 174 2854 eine
193 2803 402 2854 beschwerliche
420 2804 472 2864 vnd
490 2804 542 2854 den
559 2803 749 2854 Landsttinden
773 2816 808 2852 an
829 2803 906 2854 ihren
923 2801 1082 2864 privilegien
1099 2801 1234 2852 nacbthei·

112 2897 167 2958 lige
185 2897 349 2947 declaration
367 2911 417 2949 von
435 2909 532 2948 unsem
549 2900 739 2949 remterbenen
757 2898 890 2958 guedigen
902 2898 991 2948 Herm
1009 2897 1131 2958 (epistola
1149 2895 1173 2945 d.
1192 2901 1234 2947 29.

115 3005 148 3041 ιιι.
167 2991 228 3042 Jan.
249 2996 313 3043 1592
333 2991 395 3040 data
413 2992 462 3056 cst)
481 2991 595 3042 Fiirsten
613 3006 773 3059 ozwccpcn,
787 2992 903 3041 welches
922 2990 990 3041 doch
1008 2991 1054 3040 Ihr
1072 2991 1103 3039 F.
1116 2990 1148 3041 G.
1164 3005 1235 3057 parur

113 3100 210 3154 caper-n
227 3081 440 3137 cadcrscbrcr'bec
456 3083 555 3135 wellen.
592 3085 668 3134 Doch
686 3085 785 3134 auletat
802 3085 886 3135 durch
904 3083 1002 3134 etliche
1020 3084 1103 3133 durau
1121 3081 1235 3133 iudccirt

114 3180 234 3245 worden,
252 3194 286 3230 au
303 3178 421 3228 welcher
438 3175 614 3248 uufhricpccp
631 3179 699 3256 such
715 3177 847 3248 mcyldclc
863 3157 977 3230 castata
992 3173 1159 3246 pebrcucbt.“

182 3272 203 3336 7)
226 3273 373 3335 cujusmodi
400 3272 521 3324 ordinum
550 3272 660 3324 consilia
685 3286 738 3323 non
767 3274 917 3324 comuntur.
957 3272 1076 3324 Joaunes
1098 3270 1234 3322 Palatinus

114 3368 236 3418 ordinum
253 3367 359 3417 nominc
382 3379 441 3416 cum
458 3367 598 3416 Hellandis
621 3366 727 3428 quidem
749 3367 777 3416 et
799 3379 858 3418 cum
875 3368 972 3416 Parma
1003 3367 1070 3416 duce
1101 3365 1233 3432 mactavit,

115 3461 164 3512 sed
187 3461 260 3511 certe
281 3473 334 3510 non
355 3461 385 3510 ut
401 3460 493 3510 alteris
516 3471 545 3510 se
569 3461 729 3522 adjungeret
749 3459 883 3526 partibus,
905 3460 952 3510 sed
975 3461 1005 3510 ut
1025 3460 1104 3510 terris
1122 3451 1233 3510 Juliacis

113 3557 270 3617 parceretur
287 3555 398 3616 locaque
416 3553 620 3604 restituerentur
636 3566 771 3616 oppressa.
806 3553 918 3603 Praeter
941 3567 974 3604 ea
990 3554 1121 3604 Joannem
1145 3531 1234 3602 rerum

115 3647 319 3699 ordinandarum
336 3647 432 3710 potius,
461 3660 539 3709 quam
556 3647 661 3708 imperii
679 3647 801 3709 cupidum
815 3649 904 3712 luisse,
922 3647 1080 3708 intelligitur
1092 3660 1125 3696 ex
1137 3645 1233 3696 litteris

114 3744 149 3793 ab
168 3754 200 3792 eo
219 3741 253 3790 ad
271 3743 462 3793 commissarios
479 3741 593 3806 scriptis,
612 3742 639 3791 in
657 3743 751 3804 quibus
769 3741 845 3806 dicit,
869 3743 905 3792 Es
923 3741 962 3792 sei
980 3741 1028 3790 das
1044 3740 1187 3802 Regimen
1204 3753 1233 3792 so

115 3834 279 3898 bescbcden,
297 3835 357 3886 dass
374 3836 557 3897 demusinlgcn
574 3836 776 3900 beyruwohnen
793 3835 850 3886 sich
867 3836 907 3886 nit
924 3835 986 3886 bald
995 3835 1105 3896 jemand
1122 3835 1232 3886 durumb

115 3930 192 3982 wlird
209 3928 319 3980 reissen.

184 4021 204 4086 8)
223 4024 339 4085 Quorum
357 4023 529 4075 relationibus
552 4023 696 4084 imperator
718 4024 857 4074 confidisse
880 4037 913 4074 ex
936 4022 1054 4084 epistolis
1071 4022 1176 4074 Budelli
1198 4023 1232 4072 sd

115 4117 222 4168 ordines
246 4117 315 4168 datis
337 4117 446 4167 conset.
482 4118 557 4179 Quae
580 4117 642 4180 quid
666 4117 842 4168 mutinuerint
864 4130 898 4168 ex
921 4117 1017 4167 litteris
1040 4118 1075 4168 ab
1096 4115 1232 4166 ordinibus

115 4211 298 4272 uddoarmem
322 4207 471 4261 Palatinum
499 4213 527 4260 et
548 4212 710 4266 Jacobseam
737 4212 772 4273 (d.
797 4218 838 4264 29.
860 4227 894 4262 m.
913 4211 974 4261 Jen.
997 4212 1025 4260 ct
1048 4217 1072 4260 1.
1094 4224 1128 4259 m.
1151 4211 1230 4260 Febr.

118 4305 294 4370 1992)(12929,
317 4304 428 4356 ansus
463 4304 579 4365 Quorum
602 4305 791 4356 intercessione
815 4317 883 4367 quae
905 4305 1049 4366 imperator
1070 4304 1121 4356 sibi
1139 4315 1232 4366 expuo

116 4399 221 4450 irrueret
246 4399 386 4461 deprecari
412 4397 560 4449 studebant.
604 4398 655 4459 Qui
685 4399 756 4448 inter
784 4399 875 4460 partes
900 4399 1106 4450 Protestanticas
1132 4413 1232 4452 summe
