2980 5040
739 258 950 322 ..48-

297 443 367 528 ipse
389 449 456 508 tam
476 444 519 510 ad
538 445 768 530 imperatorem
790 468 889 530 quam
910 447 954 514 ad
975 445 1158 530 Hispanum
1182 469 1224 516 se
1256 450 1449 533 applicavi

299 559 333 620 et
354 554 396 620 ab
417 555 456 622 iis
476 556 629 624 auxilium
650 556 839 642 petebat.⁴¹)

362 667 471 734 Nonne
493 668 590 752 igitur
604 668 675 734 fieri
696 669 813 752 potuit,
836 675 874 734 ut
896 669 1071 736 consiliarii
1095 674 1129 734 et
1143 670 1300 736 ordines
1331 672 1360 738 J
1362 675 1449 742 uliae

299 780 405 863 specie
428 780 566 864 quadam
585 781 668 865 juris
691 780 796 864 adjuti
818 780 906 865 quod
927 801 1011 848 unus
1034 802 1074 846 ex
1100 781 1303 850 heredibus
1332 784 1449 868 Hispa

297 911 411 956 norum
434 897 517 960 esset
531 893 662 974 amicus,
685 891 848 976 Hispanos
870 893 1024 958 interrae
1041 899 1214 958 vocarent?
1240 894 1273 959 J
1273 899 1449 966 eanninm

297 1001 536 1087 Francogalliae
557 1004 699 1088 legatus,
722 1025 818 1088 quem
845 1005 963 1070 ecimus
994 1025 1064 1070 rem
1085 1005 1449 1091 Brandenburgonm

297 1116 501 1196 promovisse,
523 1136 641 1198 negare
662 1137 727 1180 non
748 1115 864 1200 potnit,
887 1115 1072 1198 Philippum
1093 1137 1203 1199 regem
1227 1118 1335 1184 nihil
1363 1120 1445 1185 alind

298 1231 428 1308 optare,
456 1248 550 1310 quam
576 1233 613 1292 ut
642 1227 823 1311 provincias
846 1247 922 1294 suas
944 1227 1085 1292 faceret:
1119 1249 1260 1312 sperare
1305 1252 1442 1310 eumn

298 1356 371 1400 cum
394 1337 489 1420 copis
512 1338 544 1402 in
566 1337 654 1404 Julia
676 1343 789 1419 staret,
812 1337 881 1404 lore
904 1343 942 1404 ut
962 1344 1068 1404 terrae
1090 1339 1179 1422 ipsas
1195 1341 1284 1408 aliis
1306 1344 1440 1426 quide

298 1448 374 1514 dam
396 1450 499 1531 terris,
522 1471 603 1534 quae
626 1448 759 1518 Caesari
780 1449 942 1530 redderet,
966 1457 1201 1533 compensaret.

361 1560 450 1639 Quae
475 1562 503 1628 ei
526 1561 643 1630 effecta
668 1568 786 1643 essent,
814 1583 879 1628 non
912 1561 1007 1628 modo
1035 1561 1311 1631 Praetendentes
1349 1570 1434 1634 terri

298 1671 481 1740 defraudati
503 1679 620 1756 essent,
643 1673 701 1740 aed
724 1675 823 1740 etiam
844 1673 1018 1740 Hollandie
1037 1673 1144 1763 majps
1164 1675 1370 1746 exstitisset
1387 1703 1433 1763 pe

191 1769 193 1776 ¹
297 1784 444 1865 ciculum,
465 1807 561 1868 quam
583 1785 671 1869 qnod
693 1791 770 1850 ante
791 1784 936 1850 induciae
959 1781 1074 1866 suitfll

359 1894 474 1960 Dicere
496 1895 614 1962 audeo:
637 1895 907 1979 Brandcnburgos
930 1896 1084 1964 adversus
1107 1897 1307 1982 Neoburgos
1342 1901 1426 1985 adjd

296 2027 384 2088 vare,
405 2007 439 2072 id
459 2007 537 2076 nihil
560 2007 650 2074 eliud
672 2008 782 2089 luisse,
805 2029 843 2076 ac
865 2007 1017 2091 Hispania
1040 2013 1145 2076 terras
1168 2009 1324 2080 tradere.
1371 2013 1418 2078 Ne

296 2139 360 2202 que
383 2119 492 2188 dubito
514 2121 592 2206 quin
613 2120 772 2189 Henricus
795 2121 850 2188 IV.
871 2121 921 2188 hie
944 2120 1086 2186 maxime
1100 2120 1287 2190 rationibus
1304 2125 1410 2190 adduc-

269 2235 349 2320 tus
376 2232 664 2300 Praetendentibus
693 2233 779 2298 omni
807 2233 1012 2298 contentione
1041 2233 1183 2316 petierit,
1220 2239 1257 2300 ut
1290 2235 1399 2302 foede

297 2361 332 2404 se
355 2343 591 2425 conjungerent.
635 2344 717 2421 Quin
740 2344 839 2408 etiam
862 2365 901 2408 ex
923 2343 1029 2409 verbis
1052 2345 1137 2427 regis
1157 2344 1235 2426 ipsis
1256 2345 1395 2412 haecnl

364 2579 401 2650 ⁴1)
418 2581 531 2633 Jeannin
543 2583 576 2636 V.
595 2595 656 2644 pag.
669 2587 727 2634 ica.
739 2582 840 2633 Antant
857 2581 920 2644 qu'il
937 2581 1038 2631 semble
1052 2595 1102 2644 que
1115 2583 1141 2632 le
1153 2583 1213 2634 Duc
1224 2583 1258 2632 de
1270 2585 1408 2644 Nenbomr

297 2677 409 2728 cherche
432 2691 478 2728 son
495 2677 575 2740 appui
599 2690 632 2728 en
654 2678 682 2728 la
703 2678 805 2728 maison
822 2675 990 2728 d’Antriches
1013 2677 1041 2726 et
1058 2677 1093 2726 du
1116 2677 1156 2728 roi
1180 2675 1336 2740 d'Espagne
1358 2693 1408 2730 sam

297 2772 385 2832 lequel
412 2772 431 2821 il
458 2784 491 2820 ne
517 2775 581 2833 peut
605 2771 733 2821 defendre
756 2784 803 2821 aon
825 2771 895 2820 droit
918 2772 1009 2820 contre
1033 2771 1066 2820 de
1087 2771 1112 2820 ai
1133 2771 1264 2834 puissante
1286 2775 1407 2824 ennemia

296 2866 380 2916 Menai
398 2865 468 2927 Majo
486 2866 628 2916 Wlnwood
646 2865 751 2925 legatus
769 2864 802 2912 de
820 2864 964 2924 Neoburgo
988 2865 1092 2915 scribit:
1119 2866 1219 2916 Whose
1242 2867 1406 2926 dependendo

296 2943 437 3024 hae'every
454 2961 522 3011 been
541 2961 608 3011 from
626 2959 672 3009 the
690 2959 779 3010 Housc
798 2959 828 3010 ol
842 2959 950 3010 Austria
970 2958 1130 3024 (memoriale
1147 2959 1197 3008 ΠΙ.
1216 2957 1283 3025 240.)

314 3041 321 3054 ’
362 3055 551 3118 wolfgangum
572 3057 629 3117 jam
651 3055 714 3105 tnnc
737 3056 772 3104 ad
795 3053 983 3116 imperatorem
1006 3065 1035 3103 se
1060 3053 1269 3104 accommodasse
1287 3053 1405 3106 Cavaiim

295 3152 320 3202 d.
343 3158 374 3202 ao
396 3165 431 3200 m.
449 3151 513 3210 Apr.
535 3149 651 3198 nuntiat:
676 3148 732 3196 Che
755 3150 918 3198 conascendo
942 3149 1035 3210 questo
1057 3147 1077 3196 il
1095 3147 1156 3196 Pal:
1180 3147 1207 3196 di
1224 3148 1340 3210 Naihnrg
1359 3163 1404 3211 per

295 3243 470 3306 avanaggiar
492 3241 511 3289 il
535 3253 581 3290 suc
604 3239 702 3301 partito
724 3241 827 3290 mentre
850 3242 886 3294 ha
907 3243 1048 3302 procurato
1071 3252 1197 3302 appresso
1220 3241 1246 3292 S.
1265 3243 1297 3294 11.
1318 3246 1400 3306 questi

294 3337 360 3388 meai
377 3335 489 3401 passati,
507 3333 615 3386 d’haver
632 3335 659 3384 la
676 3335 767 3386 varica
784 3336 811 3386 di
828 3338 890 3400 quel
908 3349 1041 3398 gouverno
1060 3335 1129 3386 e'era
1147 3337 1292 3386 contentato
1308 3337 1333 3388 di
1352 3340 1396 3388 dar

295 3430 433 3482 rinveraali
451 3431 478 3482 di
495 3445 548 3482 non
566 3432 607 3480 far
624 3431 720 3480 lacuna
738 3443 800 3481 cosa
817 3431 845 3480 in
862 3431 1023 3494 preguiditio
1042 3431 1067 3482 d.
1086 3429 1225 3480 Catholici.

362 3521 395 3590 42)
414 3527 552 3589 Principes
571 3524 752 3589 quamprimo
771 3525 805 3575 ad
823 3525 967 3576 Caesarem
984 3525 1187 3587 appellaverunt
1205 3521 1238 3590 ld.
1256 3532 1275 3576 1.
1290 3526 1390 3586 mAug.

295 3621 380 3687 16191,
399 3623 432 3673 de
450 3633 516 3684 pace
528 3619 719 3680 Hollandornm
731 3621 818 3670 actum
830 3621 911 3670 luisse
929 3621 980 3671 nisi
992 3620 1126 3682 principes
1143 3630 1172 3670 se
1190 3619 1388 3684 reconciliasscnt

295 3713 430 3767 dixerunt:
448 3729 478 3768 es
495 3717 534 3767 aei
552 3715 601 3766 dar
618 3727 647 3765 eo
665 3714 729 3773 lang
746 3713 933 3774 eewhnooltter
950 3715 1004 3764 und
1022 3713 1122 3764 entllch
1141 3714 1270 3774 erlangter
1281 3713 1387 3764 metandi

295 3809 428 3860 zwischen
445 3811 551 3873 heyden
568 3807 824 3862 Niederlcndischen
846 3808 1012 3869 kriegcnden
1030 3809 1143 3858 Theilen
1161 3809 1266 3874 errclgt,
1285 3807 1385 3858 welcher

294 3903 430 3954 leichtlich
447 3904 529 3954 durch
548 3904 609 3954 Ihrc
627 3905 682 3954 FF.
701 3901 757 3954 ee.
775 3902 955 3969 uneinigkcit,
979 3903 1032 3953 und
1055 3903 1090 3952 da
1113 3901 1157 3951 ein
1172 3903 1249 3964 jeder
1266 3902 1321 3952 theil
1338 3915 1382 3952 von

294 3999 371 4050 Ihrcr
388 3999 443 4050 FF.
462 3997 517 4050 GG.
536 3997 590 4048 ond
608 3997 748 4048 derselben
765 3997 931 4058 principalen
948 4011 995 4048 vor
1013 3996 1070 4047 sein
1088 3997 1179 4049 Haubt
1196 3995 1238 4046 die
1254 3995 1379 4046 Possession

294 4095 383 4146 dieser
399 4093 512 4145 Landen
533 4103 612 4144 mann
634 4089 743 4142 militari
767 4105 800 4142 zu
821 4091 974 4152 behanpten
996 4089 1049 4140 und
1072 4105 1106 4141 zu
1123 4091 1280 4142 conserviren
1295 4090 1377 4140 elmer-

294 4189 406 4240 otanden
423 4189 476 4240 und
494 4186 576 4240 daher
593 4183 736 4255 Porthepen
754 4201 789 4237 aa
806 4183 860 4236 ciel
877 4202 911 4236 aa
928 4183 1048 4254 achlopcn
1066 4183 1153 4236 litteo
1168 4189 1312 4254 penoltreapt
1323 4198 1375 4235 wer·

294 4282 344 4335 den
360 4281 468 4348 kdoaen,
486 4283 575 4334 solche
593 4280 759 4344 gefehrlrche
776 4281 856 4340 kriess
872 4281 927 4330 und
943 4280 1065 4332 unruhen
1083 4293 1116 4330 an
1133 4279 1372 4342 befahrengcweacn.

293 4377 358 4430 Iler.
375 4377 430 4428 Jnl.
448 4379 524 4429 Face.
