2982 5032
657 295 890 360 -120-

275 481 382 566 Atque
406 484 525 548 oonata
545 481 675 546 Rudolfi
695 505 759 549 non
780 483 876 550 modo
899 504 964 550 non
984 483 1133 566 retinuit,
1155 484 1213 548 sed
1237 485 1345 550 etiam

212 592 433 678 comprobavit
455 597 489 656 et
514 594 684 684 puomovit.¹

275 703 407 768 Elector
429 708 539 768 autem
555 703 714 771 Saxoniae
736 706 822 771 inter
837 705 951 790 epulas
963 705 1127 790 jactabat,
1149 700 1362 791 propediem'

212 834 247 880 se
269 814 303 878 in
324 813 591 898 Brsndenburgie
613 815 723 881 sedem
745 839 838 882 suem
860 817 1092 883 collocaturum
1115 817 1240 900 essem).

275 923 321 990 Ut
343 925 504 991 exereitus
525 946 585 1010 per
606 927 758 992 Misniam
779 929 843 994 iter
865 928 1025 1010 fecerent,
1055 927 1195 1012 denique
1223 929 1348 994 eonsti-

212 1039 320 1102 tutum
344 1041 404 1102 est.

489 1241 534 1310 Da
555 1241 707 1324 perieulis
728 1243 1060 1328 Branisnburgorum.

278 1392 547 1478 Brandenburgia
570 1399 603 1460 et
625 1416 709 1480 quae
733 1396 763 1460 ei
785 1395 981 1480 adjacebant
1002 1402 1125 1477 terrae,
1149 1395 1255 1480 qualis
1278 1396 1347 1461 An-

213 1503 318 1571 heltia
346 1503 510 1590 aliaeque,
543 1505 594 1571 hia
622 1507 744 1571 nuntiis
774 1527 875 1590 usque
904 1527 1106 1592 summopere
1128 1507 1347 1591 perturbatae

214 1619 299 1682 nunt.
342 1614 492 1700 Undique
516 1621 549 1682 et
570 1617 678 1683 tubae
702 1623 735 1684 et
749 1617 913 1682 Marohiee
930 1613 1236 1700 Brandenburgioae
1257 1618 1349 1702 peri-

215 1725 288 1792 eula
316 1732 485 1811 esurgunt:
515 1749 663 1812 quaeque
692 1728 733 1793 ab
760 1728 905 1794 omnibus
934 1727 1082 1812 partibus
1110 1733 1282 1811 geruntur,
1310 1729 1347 1794 in

214 1837 382 1904 interitum
404 1838 499 1922 quasi
520 1837 849 1922 Brandenburgorum
872 1839 1066 1922 conspirant.

280 1947 418 2014 Tenent
444 1947 588 2016 Saxones
619 1955 652 2014 et
681 1950 816 2016 consilia
844 1971 971 2030 eorum,
1002 1970 1085 2033 quae
1107 1949 1247 2032 Pragam
1268 1969 1348 2033 per-

216 2057 286 2126 lata
318 2064 425 2140 erant,
459 2065 562 2127 terret
591 2060 775 2146 Leopoldus
809 2066 842 2126 et
874 2061 938 2126 iter
965 2059 1052 2144 quod
1080 2059 1114 2124 in
1140 2059 1345 2138 Pometiam,

217 2231 422 2244 m

216 2314 414 2378 nntenntnigst
426 2315 512 2382 daliir,
530 2317 637 2368 dieweil
651 2317 724 2368 disse
736 2316 876 2368 execution
888 2317 932 2368 ein
944 2316 1037 2380 Wenk,
1056 2315 1175 2366 induroh
1186 2315 1218 2366 E.
1230 2315 1265 2366 Μ.
1279 2316 1348 2367 dero

217 2409 418 2472 Reputatlon
436 2410 633 2461 Auktorititt
654 2411 718 2460 und
735 2411 849 2461 hoheit
866 2410 1027 2462 merklioh
1045 2409 1219 2460 staerek'en
1237 2424 1262 2460 u.
1280 2423 1349 2460 ma·

217 2503 406 2570 nuteniren,
436 2506 569 2566 entgegeu
599 2505 756 2556 ieroselbeu
783 2503 1003 2566 Ungeborsamen
1031 2503 1084 2554 und
1110 2502 1348 2565 wiederwirtigen

218 2598 350 2664 tuingen,
368 2600 470 2650 straten
487 2613 513 2650 ιι.
531 2600 563 2650 Ε.
576 2600 611 2652 K.
622 2601 659 2650 Μ.
677 2598 851 2660 untsnntnig
868 2600 979 2662 macheu
997 2598 1117 2663 bitumen,
1136 2599 1198 2648 desa
1215 2597 1349 2648 demneoh

217 2692 291 2744 aolob
309 2693 432 2745 heroisob
450 2707 477 2744 u.
495 2693 670 2756 renhtmiissig
686 2694 847 2745 vomehmen
865 2693 939 2744 nieht
956 2693 1037 2742 allein
1054 2691 1284 2752 keinesweges
1306 2705 1349 2742 au

217 2787 426 2838 unterlassen
443 2788 525 2838 nooh
543 2787 766 2838 einzustellen
783 2788 898 2838 sondern
915 2787 972 2836 mit
989 2786 1092 2837 eiuem
1115 2783 1251 2835 aoleheu
1273 2787 1350 2835 fun·

218 2880 367 2932 numento
395 2861 610 2944 angenrtrren
634 2881 778 2946 werten,
805 2881 888 2930 namn
910 2881 942 2930 n,
964 2881 997 2930 n.
1022 2880 1057 2930 n.
1082 2879 1224 2930 stolarum
1252 2879 1353 2930 natam

218 2975 308 3026 mesen
326 2989 351 3024 u.
371 2975 427 3026 sieb
445 2975 581 3027 verlassen
598 2975 695 3036 mugen
705 3011 783 3025 .....

286 3069 328 3120 Ex
345 3069 431 3120 altena
449 3070 591 3132 legationis
610 3070 740 3121 relatione
757 3069 850 3120 eadem
862 3068 1017 3118 audiuntur:
1036 3067 1127 3117 Damit
1139 3067 1206 3118 aber
1216 3067 1263 3117 ihr
1274 3067 1349 3130 May.

217 3161 414 3224 allernninlgst
440 3147 523 3214 seben
544 3163 607 3214 Und
631 3163 729 3224 spiren
751 3163 803 3213 wie
825 3161 1013 3222 gottenhernig
1035 3159 1079 3211 Sis
1106 3173 1134 3211 es
1155 3160 1205 3214 mit
1225 3161 1254 3210 Ir
1275 3161 1350 3224 May.

218 3253 324 3306 melnen
342 3267 425 3318 seyen
443 3253 481 3306 sle
500 3255 546 3306 den
564 3257 782 3316 gehersambston
800 3255 942 3320 erbietens,
959 3255 1007 3305 das
1019 3253 1189 3315 Innsgemein
1200 3253 1253 3304 alle
1265 3255 1351 3304 sowol

219 3347 406 3400 katholisehen
435 3349 475 3400 als
501 3349 696 3410 protestiremle
726 3351 927 3412 gehennambnte
955 3348 1054 3399 Stiinde
1082 3349 1129 3399 des
1154 3347 1266 3399 Reinhss
1293 3347 1352 3400 siob

220 3441 321 3492 dienato
338 3442 402 3492 saoh
420 3443 548 3504 einhellig
566 3445 620 3494 und
639 3443 800 3505 eintriiehtig
821 3443 930 3494 werden
947 3440 1170 3508 Undemehmen,
1188 3442 1242 3492 wie
1258 3442 1351 3492 nemb-

219 3535 273 3586 liob
285 3535 332 3586 Ibr
343 3536 414 3601 May.
428 3536 581 3598 gebiirende
599 3538 752 3600 reputation
771 3538 840 3589 auoh
858 3537 939 3587 iriedt
950 3537 1027 3588 Ruhe
1039 3537 1116 3587 Undt
1133 3536 1252 3597 gleiebes
1262 3536 1352 3586 Recbt

220 3629 255 3680 lm
277 3629 362 3682 Relnh
384 3630 517 3682 wiirklioh
537 3647 573 3684 un
595 3633 781 3683 mainteniren.
817 3631 896 3682 Unde
919 3631 1009 3692 oolligi
1031 3632 1116 3696 poten,
1140 3644 1209 3693 quoe
1230 3629 1352 3681 nonnulli

219 3721 356 3790 dixerunt,
379 3725 590 3776 Maximilianum
613 3726 708 3776 ‹lueem
725 3739 821 3775 munus
838 3727 873 3776 ab
891 3726 1045 3787 imperatori
1062 3726 1088 3776 ei
1106 3725 1226 3776 oblatum
1244 3725 1352 3775 omnino

220 3818 354 3885 abnuisse,
373 3823 463 3871 errata
481 3821 571 3872 luisse.
599 3820 761 3882 Quibuscum
780 3819 948 3870 consentiunt
966 3833 1033 3881 quae
1051 3819 1157 3870 wolfus
1176 3819 1249 3871 dieit.

289 3910 327 3980 86)
345 3913 387 3964 Ex
398 3915 530 3966 mandatis
543 3913 728 3975 christophori
740 3915 774 3964 de
786 3913 957 3979 Lehendorff,
975 3917 1052 3976 q'uem
1065 3915 1163 3966 iratres
1174 3913 1354 3964 Anhaltennea

221 4009 304 4060 (1.14.
323 4007 425 4060 mini.
444 4009 479 4058 ad
496 4009 626 4060 loannem
646 4007 843 4068 sigismundum
862 4008 1059 4068 delegaverunt.
1089 4007 1170 4058 Areh.
1188 4007 1257 4058 Anb.
1288 4007 1354 4068 Epi·
1410 4055 1421 4076 ,

222 4101 290 4152 *tola
314 4113 330 4152 a
352 4101 531 4154 Lebendonffo
555 4103 660 4154 reddita
687 4101 787 4162 scripta
813 4102 863 4151 init
885 4115 902 4150 a
922 4101 1026 4153 Joaune
1048 4102 1164 4162 Georgio
1185 4101 1354 4152 Anbaltensi.

222 4195 312 4246 Verba
335 4196 402 4249 haee
425 4198 497 4247 sunt:
522 4197 575 4259 „Es
597 4197 681 4248 sollen
703 4195 772 4246 anob
796 4195 853 4246 dise
871 4195 965 4246 Worte
983 4209 1017 4246 an
1034 4197 1113 4246 Ihter
1130 4195 1222 4246 chors.
1241 4191 1356 4249 ennoea

221 4301 255 4338 ao
277 4289 408 4342 Saehesen
431 4292 518 4343 Taffel
541 4291 659 4352 gefallen
681 4291 751 4342 sein:
778 4291 827 4340 das
849 4303 911 4338 man
935 4289 962 4340 in
979 4297 1034 4350 'gar
1054 4291 1154 4340 kurzer
1176 4291 1235 4342 zeit
1256 4289 1285 4340 in
1305 4289 1355 4340 Ihr

223 4381 315 4435 (thuri.
334 4384 367 4436 G.
385 4383 480 4438 Lande
499 4387 572 4438 sinen
590 4387 705 4436 wollte.¹‘
768 4415 771 4423 Δ
