3050 5038
580 315 794 378 ..47-

114 501 327 587 adjuvandos
350 521 423 568 esse
445 523 544 587 quam
558 502 747 588 Neoburgos
767 505 802 569 in
824 503 962 588 epistola
984 502 1026 568 ad
1046 523 1152 588 regem
1166 500 1245 568 data

113 613 248 680 scribit
296 614 502 698 Tantumque
524 615 636 698 abest,
658 620 696 680 ut
716 613 838 682 bellum
861 613 947 700 quod
968 613 1043 679 iude
1064 634 1101 678 er
1122 612 1245 678 dissen-

113 725 269 791 sionibus
284 725 466 810 priucipum
482 725 560 790 oriri
574 726 687 811 possit,
711 726 825 808 oderit,
847 731 885 791 ut
906 725 1003 807 dicat,
1024 725 1118 791 malle
1140 745 1175 789 se
1196 724 1245 788 in-

114 837 238 902 ducias
254 857 327 902 oum
341 835 496 922 Hispanis
519 837 616 904 modo
637 858 741 922 usque
763 837 797 902 in
819 859 939 904 annum
964 837 1045 902 1610
1066 835 1146 902 lieri:
1169 855 1245 901 uam

114 953 250 1014 metium
279 967 412 1014 essene
435 948 564 1031 Status,
592 950 620 1015 si
646 949 743 1015 modo
769 970 850 1034 pace
872 949 1033 1030 fruantur,
1062 967 1118 1032 pro
1140 947 1246 1013 salute

116 1060 304 1127 amicornm
329 1060 410 1126 nihil
432 1060 572 1144 amplius
594 1061 746 1127 audeant.
789 1062 901 1145 Bergis
932 1081 1011 1146 quas
1038 1058 1247 1126 nominabant

121 1193 164 1256 op
188 1172 298 1253 Zoom,
320 1172 447 1256 legatus
461 1172 722 1256 Francogallicus
744 1174 872 1239 nomine
886 1173 971 1256 regis
987 1171 1137 1252 declarat,
1159 1169 1247 1234 Heu·

122 1284 238 1364 riuum,
269 1283 297 1348 si
317 1283 496 1366 imperator
521 1284 573 1348 vel
600 1283 768 1369 Philippus
794 1283 959 1368 Hispanus
987 1303 1079 1350 arma
1104 1282 1245 1367 capiant,

122 1395 302 1460 electorem
323 1394 643 1478 Brandenburgioum
665 1401 887 1461 sustenturum
909 1393 1031 1478 esse³⁹t

189 1506 345 1572 Attamen
366 1527 466 1590 quum
485 1505 686 1587 Heuricus⁴⁰l
708 1527 766 1572 rex
784 1507 865 1590 ipse,
887 1512 958 1572 tum
972 1506 1094 1589 legatus
1110 1510 1246 1570 exeunte

119 1617 231 1683 mensi
251 1615 356 1701 Aprili
377 1617 525 1698 suadent,
548 1623 585 1682 ut
605 1617 877 1702 Braudcnburgns
899 1637 972 1682 cum
992 1617 1158 1700 Neoburgo
1179 1616 1247 1682 foe

119 1729 187 1796 dus
208 1727 319 1794 iaciat.
356 1729 441 1804 Num
463 1729 636 1812 Neoburgi‚
659 1729 736 1795 dum
757 1729 839 1795 haec
860 1734 1026 1813 genmtur‚
1048 1727 1177 1794 Heurici
1202 1727 1247 1794 IV
1353 1805 1355 1812 Ι

117 1840 266 1926 gratiam
295 1861 356 1923 per
381 1840 506 1924 legatos
533 1840 595 1906 sibi
617 1841 887 1908 conciliaverant?
929 1841 969 1906 ld
990 1841 1156 1925 quominus
1182 1845 1248 1906 sta·

118 1961 257 2018 tuamne
280 1951 439 2036 probibet,
468 1951 766 2035 quodminus.
792 1973 835 2019 m.
858 1953 934 2037 Apr.
965 1952 1056 2033 dicit,
1083 1972 1117 2017 se
1143 1971 1248 2036 neque

120 2064 257 2130 nuntios
287 2083 394 2146 neque
423 2062 602 2146 legationes
629 2063 885 2130 Prateudentum
912 2064 1085 2148 accepisse.
1132 2063 1248 2147 Itaque

124 2175 289 2240 rationum
321 2173 528 2256 politicarum
564 2175 773 2240 commutatio
809 2195 874 2240 non
908 2176 971 2240 uisi
999 2195 1038 2240 ex
1064 2179 1152 2240 statu
1177 2173 1248 2258 ipso

123 2307 237 2352 rerum
257 2284 459 2351 Juliacarum
481 2284 588 2351 evenit
609 2291 708 2370 atque
731 2306 772 2352 ex
793 2307 831 2352 eo
853 2285 922 2353 solo
945 2285 1142 2370 cognoscitur

147 2580 194 2646 oe
213 2579 470 2646 tractationibus
492 2579 636 2646 ordinum
658 2582 691 2648 et
714 2580 751 2648 de
773 2581 936 2664 angustiis
957 2578 1228 2646 Praetendentun

193 2723 230 2788 ln
251 2722 342 2788 Julie
364 2722 449 2786 enim
470 2723 600 2788 interim
621 2725 685 2808 ipsi
707 2723 836 2788 ordines
857 2723 1051 2789 seutentiam
1072 2743 1162 2788 suam
1176 2742 1249 2806 pro·

126 2833 282 2900 tulerant.
304 2834 418 2917 quue
430 2833 564 2900 liberius
578 2835 680 2901 locuti
696 2840 799 2916 erant,
816 2855 915 2920 quum
929 2835 1106 2921 imperator
1119 2855 1176 2920 per
1191 2831 1250 2899 ali-

126 2951 208 3030 quot
231 2951 360 3029 tempus
384 2944 462 3030 (tres
484 2946 535 3011 vel
556 2954 695 3030 quatuor
709 2945 941 3029 hebdomades)
965 2947 1073 3012 edicta
1092 2947 1126 3011 in
1145 2952 1250 3011 terras

128 3057 260 3122 mittere
288 3056 448 3121 desiisset.
498 3055 718 3122 Commissarii
746 3063 857 3122 autem
882 3056 1025 3122 noudum
1054 3056 1251 3121 advenerant

128 3167 184 3253 (m.
206 3166 306 3251 Apu).
342 3167 532 3252 Apparebat
553 3168 651 3252 igitur
672 3167 802 3233 ordines
825 3173 1007 3234 ceterarum
1029 3165 1158 3253 quidem
1178 3187 1251 3252 pro-

125 3279 309 3344 vinciarum
334 3278 595 3362 Brandeuburgis
622 3279 748 3361 favere,
783 3279 892 3346 Juliae
928 3286 1039 3346 autem
1066 3279 1251 3363 Neoburgos

127 3389 297 3474 praeferre
320 3388 479 3454 dominos:
510 3389 618 3455 Juliae
641 3390 759 3474 oppido
782 3391 1083 3474 Rauschenbergius
1108 3389 1174 3473 ille,
1197 3390 1252 3474 qui

126 3522 189 3586 per
210 3499 349 3565 multum
367 3500 437 3584 jam
460 3506 588 3585 tempus
611 3501 794 3566 mercedem
810 3501 948 3588 Hispani
962 3502 1143 3585 accipiebat
1159 3522 1251 3586 prae-

127 3613 237 3678 fectus
260 3615 340 3676 erat.
369 3609 632 3678 consiliariorum
654 3634 758 3697 aeque
786 3634 826 3678 ao
852 3615 1100 3698 magistratuum
1128 3613 1251 3678 animos

128 3722 299 3806 Philippus
324 3743 383 3788 rex
409 3723 472 3789 sibi
494 3723 731 3792 conciliaverat.
779 3724 926 3791 Accessit
955 3724 1042 3809 quod
1063 3723 1252 3808 Neoburgus

131 4010 184 4062 que
203 3999 274 4048 cette
291 3995 393 4047 maison
411 3997 444 4047 de
462 3998 655 4060 Banueoourg
671 4009 689 4048 a
706 4009 757 4050 ene
775 3999 809 4050 de
826 3999 981 4061 touttemps
997 4012 1062 4050 avec
1073 4001 1100 4050 la
1113 4010 1252 4066 murenae,

131 4105 184 4156 que
202 4105 270 4154 pour
286 4091 379 4141 autaut
401 4090 465 4153 qu’il
487 4094 588 4143 semble
606 4104 658 4156 que
680 4093 706 4143 le
725 4093 776 4143 duc
794 4094 827 4143 de
845 4094 991 4156 Ncubourg
1008 4095 1121 4145 cherohe
1142 4106 1189 4146 aon
1207 4105 1252 4156 ap·

131 4186 179 4247 pui
197 4197 230 4235 en
248 4185 275 4235 la
292 4184 394 4234 maisou
412 4184 573 4238 u'Autrlohe.
591 4186 709 4236 Jeauulu
726 4187 759 4237 V.
776 4199 838 4248 pag.
856 4194 915 4240 412.

201 4276 233 4346 ³⁹)
250 4279 291 4330 Ex
309 4277 439 4328 relatione
457 4280 568 4330 Joauuis
585 4280 619 4329 de
637 4281 712 4331 Dort
730 4281 840 4344 llscrpt.
856 4282 926 4334 Bibl.
944 4282 1033 4332 Berol.
1052 4287 1110 4334 8⁶2.

202 4371 237 4438 ⁴⁰)
256 4371 403 4424 Jeannlnus
420 4372 453 4423 V.
471 4387 532 4436 pag.
552 4379 608 4426 354.
