2982 5032
542 247 751 310 ..ῃ-

384 431 429 499 De
450 435 614 516 sequestro
635 434 671 499 ir
692 432 811 502 Julian
831 434 937 499 missa

161 561 297 631 Omnes
320 557 488 648 timebant,
510 587 551 630 ne
572 565 750 650 imperator
770 567 820 632 rei
841 565 992 650 publicae
1007 565 1218 634 Juliaoaevix

68 681 221 759 pacatae
245 697 355 742 novas
375 676 579 742 miseriarum
598 683 813 761 tempestates
836 677 1004 742 excitaret.

158 785 300 852 Tamen
320 785 495 869 Rudolfus‚
517 787 555 870 si,
578 808 662 871 quae
684 809 720 853 re
743 810 816 854 cum
838 787 979 854 Matthia
1000 787 1103 853 fratre
1130 787 1217 854 male

68 901 168 978 gesta
192 897 412 981 perdiderat,
441 897 530 964 Juh'a
552 895 937 984 Cliviaqueexpugnatis
966 920 1001 964 se
1031 919 1219 983 compensa·

67 1012 188 1072 turum
213 1029 296 1074 esse
318 1008 471 1094 speravit,
492 1029 557 1074 non
570 1007 772 1092 Leopoldum
793 1009 923 1075 mittere
947 1009 1098 1076 debebat.
1141 1009 1219 1075 Fuit

70 1117 162 1183 enim
185 1119 251 1184 ille
276 1118 405 1185 infirmo
427 1117 626 1203 inhabilique
650 1119 757 1185 animo
777 1119 969 1206 imperatori
990 1119 1181 1186 simillimus.

161 1227 296 1314 Itaque
316 1250 381 1296 non
402 1231 434 1295 vi
456 1235 490 1295 et
511 1228 659 1310 audacia,
681 1229 733 1294 rel
754 1229 834 1296 belli
856 1237 1018 1315 apparatu
1043 1230 1216 1312 timendus,

71 1337 133 1403 sed
163 1339 261 1405 clam
293 1346 327 1405 et
353 1339 460 1406 alieno
487 1339 616 1406 nomine
644 1347 826 1424 assumpto,
858 1361 964 1427 neque
990 1347 1060 1408 tam
1086 1341 1218 1426 propria

70 1449 202 1516 virtute
227 1471 330 1532 usus,
353 1471 451 1534 quam
473 1435 736 1534 Rauschenbergi
756 1451 1008 1536 Nesselrodique
1037 1451 1219 1536 praefecto-

71 1579 149 1624 rum
172 1559 324 1645 perfidia
346 1560 468 1628 Julian
489 1561 631 1627 intravit.
675 1561 788 1645 Neque
810 1567 887 1627 tuno
908 1568 1020 1630 temen
1040 1563 1218 1646 imperator

72 1671 229 1754 speciem
246 1651 401 1756 *justitiae
424 1671 665 1757 aequitatisque
687 1671 847 1756 deposuit,
870 1672 1041 1754 simulans,
1063 1673 1219 1759 quamdiu

73 1783 254 1848 sententia
281 1781 429 1866 judicum
459 1779 499 1848 de
527 1782 679 1867 legitimis
696 1780 882 1850 ¹heredibus
916 1768 1127 1870 pronuntiata
1153 1805 1219 1850 non

75 1899 183 1975 esset,
222 1893 366 1960 aliorum
398 1913 542 1978 quoque,
578 1893 669 1978 qales
698 1893 857 1977 Saxones,
883 1895 961 1978 jura
984 1916 1126 1962 servare
1158 1915 1218 1961 sua

76 2021 162 2070 esse.
175 2002 229 2088 ¹³¹)
684 2015 685 2018 ’

166 2113 267 2192 Quae
309 2110 488 2198 imperator
528 2114 568 2180 de
600 2105 690 2182 statu
725 2133 835 2180 rerum
870 2114 1103 2181 Juliacensium
1139 2123 1217 2183 tunc

74 2219 228 2290 maxime
265 2225 435 2307 censuerit,
459 2245 499 2290 ex
526 2225 664 2309 epistola
693 2223 816 2291 Cavalli
853 2225 1004 2310 colligere
1037 2247 1218 2310 possumus.

77 2331 329 2420 Imperatorem
349 2355 414 2402 non
436 2335 528 2421 fugit,
550 2335 683 2402 foedere
693 2336 781 2402 facto
797 2357 928 2402 causam
943 2335 1219 2403 Praetendentum

77 2446 252 2528 potiorem
266 2446 430 2512 redditam
445 2468 527 2512 esse.
565 2447 728 2514 Saxonum
744 2453 855 2513 autem
870 2447 1026 2513 auxilium
1041 2469 1111 2514 rem
1125 2470 1219 2514 suam

78 2575 202 2639 parum
217 2561 445 2643 promoturum
460 2579 541 2640 esse,
556 2579 621 2624 non
630 2558 812 2642 ignorabat.
820 2557 869 2640 ¹³²)
897 2555 947 2622 De
958 2558 1092 2624 Alberto
1108 2565 1218 2624 autem

80 2667 265 2734 archiduce
299 2668 370 2753 jam
404 2667 485 2734 nihil
520 2667 684 2754 sperabat.
729 2667 799 2750 Qui,
834 2689 933 2752 quum
965 2667 1124 2735 Henricus
1159 2690 1223 2738 rex

80 2779 210 2846 milites
242 2779 276 2844 in
305 2777 517 2863 Campaniam
545 2778 694 2846 adfines
723 2778 792 2844 fero
820 2783 983 2844 terrarum
1011 2779 1218 2865 Belgicarum

81 2890 244 2971 misisset,
267 2890 412 2972 cavebat,
434 2899 475 2956 ne‘
497 2889 576 2958 belli
599 2911 698 2957 causa
720 2889 863 2972 daretur,
885 2911 965 2956 neve
980 2890 1218 2958 induciaecum

82 2997 265 3066 Hollandis
286 2999 394 3066 factae
416 3007 652 3084 rumperentur.
697 3001 813 3084 Itaque
845 3019 944 3083 quum
966 3022 984 3066 e
1011 3001 1101 3066 nulla
1123 3007 1217 3085 parte

84 3112 195 3178 socius
234 3101 404 3193 existeret,
448 3118 536 3177 certe
574 3112 753 3196 imperator
788 3132 916 3197 quoque
955 3109 996 3176 de
1032 3093 1118 3178 bello
1153 3131 1218 3177 non

86 3221 257 3305 cogitavit.
1177 3227 1180 3232 ’

151 3335 319 3414 Attamen,
340 3351 439 3417 quum
461 3331 543 3398 bene
556 3333 764 3417 intelligeret,
786 3353 857 3398 rem
876 3331 1038 3400 Juliaoam
1058 3337 1163 3399 totam
1183 3333 1218 3400 in

86 3441 368 3510 Praetendentum
382 3443 585 3511 commodum
608 3465 798 3511 conversum
812 3443 864 3526 iri,
885 3444 949 3509 nisi
968 3445 1018 3509 rei
1039 3465 1075 3510 se
1095 3445 1217 3511 immis-

89 3605 297 3622 w—

158 3750 207 3815 111)
224 3751 376 3815 Leopoldm
393 3751 489 3807 iterum
506 3755 587 3817 atque
604 3751 701 3805 iterum
719 3752 811 3820 edixit,
829 3752 857 3805 id
874 3766 903 3804 se
915 3750 1057 3804 maximum
1074 3763 1164 3818 agere,
1182 3763 1217 3806 ne

89 3841 152 3904 1111
170 3841 303 3898 §monum
320 3859 338 3897 1
354 3847 594 3899 Praetendentibus
616 3861 685 3898 vans
702 3850 730 3899 et
747 3849 823 3899 irrite
841 3847 1022 3898 redderentur.
1058 3847 1131 3898 Dicit
1148 3847 1217 3898 Leo·

92 3938 187 3997 poldus
210 3939 238 3990 11
264 3941 390 4006 epistola,
420 3941 454 3993 de
480 3955 533 4004 qua
558 3942 659 4003 egimus
685 3941 713 3991 in
739 3955 851 3993 excursu
877 3941 935 3992 111:
970 3942 1026 3992 Der
1052 3941 1157 4004 Kayser
1182 3941 1218 3992 ist

94 4032 128 4082 ob
146 4036 325 4097 mntemptum
343 4046 407 4086 suae
425 4036 620 4097 superioritatis
637 4037 665 4086 et
674 4013 867 4098 jurisdictionis
885 4034 1121 4090 lusonderheit
1138 4035 1217 4085 aber

94 4129 175 4179 auch
197 4130 270 4180 1111
287 4129 448 4181 Aurullen
469 4129 530 4180 ders
553 4129 729 4182 churfiirsten
750 4143 785 4180 11
807 4128 940 4196 8111111]
960 4130 996 4178 im
1013 4129 1117 4180 Namen
1140 4127 1217 4178 Ihrer

94 4217 126 4272 1..
143 4226 267 4284 gantzem
284 4223 372 4274 Hauss
389 4223 433 4274 die
451 4221 537 4274 sache
555 4235 589 4275 11
606 4223 723 4275 cumiret
740 4221 793 4275 md
810 4223 987 4274 audzuhebou
1004 4221 1097 4272 boreit

162 4315 210 4386 ¹³²)
227 4317 270 4370 Ex
286 4317 401 4382 ephata
417 4313 520 4368 0111111
538 4317 565 4368 d.
582 4323 624 4370 117.
641 4331 676 4368 m.
693 4317 748 4371 Jul.
