2982 5032
710 291 942 354 -116-

265 499 300 544 se
322 483 550 563 peragraturus
572 484 605 542 01
627 483 871 560 pervastaturos
893 497 974 542 esse.
1014 475 1259 559 Ambigebatur,
1280 480 1371 540 utrum

264 591 442 674 imperator
474 589 593 654 milites
627 593 739 654 contra
768 587 926 652 Mathiam
963 587 1173 670 conduceret,
1206 607 1248 653 an
1280 592 1374 652 contra
1457 598 1458 672 l

265 699 424 764 Unionem
447 705 481 764 et
503 704 617 764 contra
638 698 899 780 Possidentesfl).

329 810 401 876 Nou
424 809 598 875 defuerunt
619 809 675 894 qui
697 809 857 890 dicerent,
888 809 997 893 copias
1019 831 1078 896 per
1098 808 1301 890 nehemiam,
1325 815 1376 872 ter-

264 941 336 988 ram
359 921 613 1002 Advocatorum,
637 920 787 986 Misniam
810 926 844 986 et
865 921 1087 1004 Thuringiam,
1118 919 1291 986 Saxoniam
1311 918 1378 984 inlc-

264 1033 397 1115 riorem,
419 1033 454 1098 in
468 1031 742 1116 Ravensbergium
759 1033 948 1098 comitatum
965 1031 1138 1098 deductum
1155 1032 1211 1113 iri,
1235 1030 1378 1097 Mathiam

264 1148 371 1208 tutum
394 1164 479 1208 esse:
503 1143 638 1208 consilia
660 1143 788 1208 Rudolfi
806 1165 875 1208 rem
890 1143 1052 1208 Juliacam
1073 1142 1169 1208 modo
1192 1139 1378 1226 spectarent

329 1253 547 1322 Christianum
576 1253 707 1338 quidem
738 1255 913 1320 electorem
946 1261 1015 1320 tam
1047 1274 1106 1336 per
1138 1253 1268 1320 litteras
1297 1274 1379 1338 quam

264 1365 371 1450 ipsum
386 1365 512 1449 Pragae
527 1366 758 1448 imperatorem
773 1365 955 1448 impulisse,
977 1371 1014 1429 ut
1030 1365 1206 1429 exercitum
1225 1365 1259 1428 iu
1273 1364 1379 1430 Julian
1459 1351 1460 1354 ¹

265 1477 425 1558 mitteret,
447 1497 541 1541 nemo
564 1475 791 1560 ignorabat⁷³).

330 1587 434 1652 Mensi
448 1587 553 1672 Aprili
567 1586 774 1654 Possidentes
798 1585 976 1650 exercitum
997 1585 1174 1670 parabant,
1198 1603 1263 1670 quo
1286 1585 1380 1669 copias

266 1697 424 1781 Leopoldi
453 1697 743 1781 Argentoratenses
774 1695 994 1780 dispellerent.
1038 1695 1239 1762 Centareuus
1270 1697 1381 1779 legatus

265 1809 424 1892 Venetus,
458 1810 514 1892 qui
546 1815 623 1874 tunc
653 1813 687 1872 et
715 1807 803 1891 apud
832 1806 949 1872 ducem
975 1805 1332 1892 Wuertembergeusem
1356 1811 1383 1868 ct

266 1919 351 2004 apud
377 1919 551 1984 electorem
573 1919 757 1984 Palatinum
779 1918 988 1998 versabatur,
1013 1918 1158 1999 nuntiat,
1187 1940 1298 1984 omnes
1322 1937 1383 2000 per·

242 2045 399 2096 'suasum
420 2030 587 2112 habuisse,
609 2031 747 2094 militem
769 2035 803 2093 et
823 2029 1129 2112 Argentoratensem
1153 2034 1186 2092 et
1208 2028 1384 2094 Passavieu-

266 2161 334 2206 sem
368 2140 522 2206 adversus
553 2141 674 2205 Juliam
708 2140 841 2204 ductum
873 2140 928 2220 iri,
963 2139 1133 2224 omniaque
1166 2140 1214 2204 ita
1248 2140 1384 2204 inst'tuta

267 2272 353 2332 esse,
375 2258 413 2316 ut
435 2258 569 2317 conatus
592 2251 750 2335 Leopoldi
771 2249 1073 2334 prohiberentur⁷⁴).
1117 2251 1181 2315 Per
1208 2255 1315 2316 totum
1335 2249 1384 2314 cir-

337 2479 374 2548 7ί)
391 2482 444 2531 Ex:
464 2479 589 2542 Zeittung
606 2479 672 2530 iiber
690 2480 739 2530 das
757 2479 929 2530 Passavische
947 2479 1117 2540 Kriegsrolk.
1143 2480 1224 2534 Arch.
1237 2481 1306 2532 Anh.
1319 2479 1384 2530 Dess.

268 2577 317 2626 sub
335 2575 388 2624 Tit.
400 2580 425 2641 4,
439 2581 479 2627 78.
497 2575 653 2626 Jiilichsche
672 2573 830 2626 Succession
847 2574 1013 2624 betreffende
1032 2573 1137 2624 Sachen
1155 2575 1188 2624 dc
1207 2587 1277 2624 auno
1298 2579 1363 2625 1010.

338 2667 375 2736 ⁷²)
397 2671 439 2719 Ex
461 2669 591 2719 relatione
615 2668 784 2730 conurgtana
807 2667 886 2719 (1.18.
905 2667 1018 2728 111101.
1042 2666 1154 2732 scripta,
1180 2668 1215 2718 ad
1238 2667 1385 2720 Anhaltiuos

269 2762 359 2814 missa.
385 2763 466 2813 Arch.
484 2762 553 2811 Auli.
571 2763 648 2812 Dese.
1463 2735 1464 2750 ἓ

337 2854 373 2922 ⁷³)
393 2855 512 2905 Saxones
523 2868 572 2915 per
588 2865 685 2906 annum
699 2861 764 2906 1610
784 2855 812 2903 iu
829 2865 910 2914 agere
925 2855 1083 2919 perrexisse,
1102 2868 1135 2905 ex
1152 2855 1267 2916 epistola
1285 2855 1386 2918 quadam

268 2949 332 3001 (1.0.
349 2949 463 3000 chc.
482 2954 547 3000 1610
566 2949 686 3000 Dresrlae
708 2947 772 2998 (1111
793 2947 959 3008 intelligitur.
997 2949 1039 3000 Ex
1057 2960 1109 3010 qua
1127 2947 1214 2998 locum
1232 2949 1385 3009 sumtuum,

269 3057 320 3106 quo
343 3043 411 3093 ratio
431 3042 564 3092 Saxonum
587 3043 697 3103 politica
720 3042 805 3104 qualis
828 3043 910 3092 luerit
933 3042 1117 3104 perspiciatur.
1153 3041 1386 3092 Ι)110111111111

270 3137 318 3187 der
344 3138 476 3197 gewisseu
500 3135 656 3187 Zuversicht
679 3136 768 3186 Warm
794 3136 838 3186 dle
862 3136 1006 3187 Gulischeu
1028 3135 1215 3187 Unterthaucn
1237 3135 1296 3186 Ew'.
1314 3136 1385 3196 Kays.

269 3231 365 3291 Mayst.
383 3231 466 3281 Ernst
485 3231 581 3293 seheu,
599 3229 661 3279 Uud
680 3241 791 3293 spuren,
809 3228 993 3280 Insonderhcit
1012 3230 1063 3279 deu
1081 3229 1213 3280 Auffzuclr
1231 3231 1279 3280 des
1297 3227 1386 3280 Volkcs

171 3337 174 3342 ·
271 3333 358 3381 gegen
381 3322 428 3371 der
449 3324 561 3373 Landeu
578 3323 761 3388 Vemehmen,
786 3321 831 3373 Sic
854 3324 963 3374 werden
984 3324 1095 3373 alsdarm
1117 3322 1385 3384 leuthramnus

270 3414 366 3477 Mayst.
393 3417 508 3470 zutallen
531 3419 597 3466 undt
618 3417 692 3467 nicht
714 3417 848 3481 11110001,
876 3417 936 3467 dass
959 3417 1042 3467 durch
1064 3417 1214 3480 Zweyerlei
1237 3412 1386 3476 Kriegsvollr

270 3509 312 3557 ihr
329 3509 418 3558 Landt
435 3511 562 3560 verdeckt
580 3511 684 3576 werde,
707 3509 771 3560 Und
788 3511 859 3560 Umb
882 3524 911 3560 00
934 3511 986 3561 viel
1007 3511 1083 3560 mehr
1100 3511 1188 3561 Wcun
1206 3510 1245 3560 sie
1264 3509 1385 3568 erfahreu,

272 3601 332 3651 dass
350 3601 434 3652 Ihneu
453 3605 495 3653 ein
514 3603 642 3663 gewisser
660 3603 803 3654 Successor
820 3605 955 3656 benennet
971 3618 996 3653 u.
1015 3604 1170 3667 vorgestellt
1188 3604 1265 3653 wird.

338 3692 376 3758 ⁷4)
395 3696 561 3747 contarenus
579 3697 672 3748 scribit
690 3698 715 3746 (1.
730 3703 753 3748 7.
771 3712 805 3748 m.
818 3697 895 3758 aps:
914 3699 967 3748 Per
984 3697 1003 3746 ll
1018 3695 1103 3746 Ser¹¹¹⁰
1115 3695 1249 3748 Arciduca
1260 3692 1385 3756 Leopoldo

272 3786 372 3836 101011
396 3788 423 3837 iu
446 3791 532 3850 questi
554 3792 642 3852 glomi
665 3791 830 3852 rassegnarsi
853 3793 924 3841 buon
941 3803 1050 3841 numero
1068 3789 1137 3840 delle
1156 3804 1202 3841 suc
1220 3790 1294 3851 genti
1311 3787 1385 3840 vicino

271 3877 306 3928 ad
323 3879 482 3948 Argentina3
506 3898 581 3934 verso
605 3886 624 3934 il
648 3885 710 3947 qual
733 3885 812 3944 luogo
835 3885 844 3934 1
867 3886 917 3935 due
935 3885 1053 3945 Principi
1076 3884 1103 3933 di
1121 3865 1348 3957 Brandcubsrge
1364 3877 1386 3927 di

272 3971 399 4034 Neoburg
418 3977 576 4036 espeuivano
594 3978 638 4027 all'
656 3979 775 4028 1110011110
794 3979 821 4030 di
839 3979 932 4040 giorno
951 3981 978 4029 01
995 3979 1022 4028 di
1040 3979 1114 4028 uottc
1132 3978 1202 4029 delle
1220 3979 1275 4028 loro
1293 3972 1386 4035 militie,

272 4077 321 4115 con
339 4067 448 4129 diseguo
467 4070 616 4122 disturbare
638 4072 665 4120 la
678 4055 814 4133 ¹rassegua
837 4073 938 4134 prede.
974 4072 1040 4122 Inde
1063 4071 1154 4121 d'hora
1176 4072 1205 4120 in
1226 4073 1291 4121 hora
1312 4069 1334 4118 si
1354 4066 1386 4114 11

273 4158 353 4209 tende
372 4161 416 4224 qui
434 4163 547 4226 qualche
564 4163 636 4214 11100
656 4163 683 4214 di
700 4165 756 4216 alc·
769 4167 880 4217 sattione
899 4165 926 4214 di
943 4166 1074 4216 momento
1089 4164 1158 4214 infra
1170 4165 1235 4216 loro.
1261 4160 1387 4214 11111011

273 4257 313 4300 eo.
336 4255 467 4306 11111111.
489 4256 685 4309 Maximiliauus
709 4258 838 4310 archidux
861 4260 951 4318 legato
976 4258 1092 4310 dixerat:
1121 4259 1177 4310 Che
1200 4259 1219 4308 il
1240 4249 1387 4317 negotioli

273 4342 367 4394 Cleves
383 4359 436 4396 nou
453 4349 532 4399 crode
550 4361 628 4410 possa
646 4352 828 4404 accomodaret
847 4354 895 4403 che
914 4365 963 4404 con
980 4355 1008 4403 la
1024 4353 1108 4415 puuta
1125 4353 1197 4404 dclla
1214 4351 1304 4414 spada.
