2980 5040
733 285 944 358 ..ffl-

279 473 378 558 isjtor
399 473 503 542 denuo
524 495 592 542 rom
614 479 657 545 sd
679 501 770 546 suam
791 482 887 547 modo
912 482 1106 548 utilitatem
1133 481 1433 570 prosequebantuu

281 583 393 672 Nepos
415 583 577 672 Bipontini
598 589 680 656 alios
702 611 737 657 se
759 593 922 676 gerebant.

341 695 464 778 ριιίΙπω
486 700 625 766 maxime
647 703 743 768 rebus
764 709 841 768 tunc
862 703 991 772 demum
1018 706 1172 774 factum
1200 717 1279 790 est,
1309 715 1347 774 ut
1372 707 1431 772 snio

278 827 344 892 qus
365 809 573 878 coustitutum
597 819 677 896 erat,
700 821 736 880 ut
758 815 992 882 interessentes
1015 817 1133 884 etiam
1153 819 1188 885 si
1206 820 1283 886 dux
1298 825 1430 884 mortuus

277 925 365 986 osset
385 919 519 1004 paribus
537 923 664 1008 juribus
679 925 855 1010 starent⁵²)‚
877 928 1018 994 invalida
1033 927 1149 996 ficret
1168 939 1211 998 et
1224 928 1344 996 irrita:
1365 945 1426 994 sanc

277 1047 350 1098 mm
371 1051 436 1098 nou
457 1053 558 1118 parvo
579 1037 746 1104 commodo
769 1038 1125 1128 Brandenburgorum,
1161 1063 1318 1127 quorum
1341 1036 1426 1104 undi-

276 1141 357 1226 aas,
378 1143 407 1212 si
425 1145 481 1230 jus
503 1147 713 1214 successionis
734 1149 829 1215 modo
852 1150 1078 1234 spectabatur,
1108 1155 1255 1236 optime
1278 1150 1421 1218 limdatss

277 1261 380 1322 essct.
423 1253 563 1342 Jamque
585 1277 684 1343 quum
705 1266 802 1344 pacta
817 1262 1015 1347 monesque
1031 1261 1272 1346 defecissent,
1296 1263 1421 1330 Interes-

275 1365 422 1434 sentibus
443 1365 484 1434 dc
502 1367 631 1454 juribus
652 1371 747 1438 modo
769 1372 980 1438 successionis
1003 1379 1105 1439 erant
1130 1375 1340 1442 certamina.
1446 1405 1447 1408 ¹

340 1476 403 1546 iios
425 1477 575 1564 publicae
597 1487 707 1550 autem
728 1505 830 1569 usque
853 1483 895 1548 ad
918 1505 1037 1549 annum
1061 1485 1162 1550 1609
1185 1491 1344 1552 mutatae
1361 1499 1412 1546 non

275 1593 365 1658 scats
393 1589 426 1658 tu
455 1585 568 1660 codem
595 1595 830 1680 permanebant
857 1599 946 1661 statu
973 1593 1006 1659 in
1028 1615 1094 1679 quo
1122 1619 1183 1663 ao.
1213 1595 1302 1661 1596
1326 1596 1409 1658 erant.

276 1699 370 1770 Rota
399 1701 604 1791 imperatoris
631 1705 765 1794 politica
792 1705 866 1772 inde
894 1705 935 1772 ab
959 1727 1043 1772 auno
1068 1705 1160 1772 1591
1191 1707 1330 1772 delinita
1350 1701 1403 1768 fuit.

276 1809 458 1900 Imperator
486 1817 572 1884 cuim
599 1815 632 1882 id
659 1816 799 1882 maxime
822 1817 940 1900 agebat
962 1823 998 1882 ut
1020 1840 1178 1884 summas
1204 1817 1338 1902 imperii
1357 1831 1403 1876 nou

275 1921 370 1992 modo
392 1923 561 1994 ordinaret
588 1925 645 1994 sed
677 1925 776 1992 etiam
803 1927 873 2011 ipse
900 1933 1034 1993 tonaret.
1079 1927 1262 2012 Sperabat
1284 1927 1348 1993 sore
1365 1929 1396 1998 ut

273 2035 325 2105 oui
348 2041 508 2104 arama
531 2035 770 2104 administratio
794 2043 895 2120 esset,
924 2039 1079 2123 quamdiu
1106 2039 1183 2106 dux
1215 2043 1351 2117 viveret,
1376 2031 1395 2094 u'

271 2152 347 2236 pou
368 2153 505 2218 mortam
528 2147 629 2232 ducis,
651 2153 758 2217 terrae
780 2151 871 2235 ipsae
894 2149 1056 2231 cssent⁵³t

336 2259 460 2326 Deinde
483 2261 722 2328 matrimonium
745 2263 830 2328 inter
852 2261 1006 2346 Sibyllam
1017 2261 1191 2329 Juliaeam
1217 2270 1253 2329 et
1266 2257 1380 2328 carolo

273 2367 452 2454 [turgoviae
481 2369 699 2436 marchionem
733 2392 792 2454 per
826 2371 1062 2437 commissarios
1090 2376 1299 2441 conciliavit.
1340 2367 1378 2444 Qil

273 2479 478 2548 matrimonio
511 2481 636 2565 species
669 2477 810 2566 quadam
841 2483 924 2566 juris
957 2483 1177 2551 successionis
1212 2488 1248 2552 in
1282 2484 1381 2548 domm

272 2589 531 2678 Habsburgicam
560 2593 770 2660 transfertur:
809 2591 943 2659 Carolus
972 2594 1057 2658 enirn
1084 2594 1176 2662 filius
1210 2597 1276 2662 finit
1302 2584 1383 2659 Fordi-

270 2701 369 2772 nandi
393 2703 585 2788 archiducis‚
608 2703 805 2772 Fordinandi
819 2706 1026 2788 imperatoris
1047 2704 1114 2786 filii,
1141 2713 1177 2772 et
1193 2701 1376 2790 Philippicae,

271 2814 462 2900 praeclarae
497 2815 627 2900 virginis
666 2837 683 2880 e
710 2795 814 2898 'gente
842 2816 1049 2880 Velserorum
1085 2819 1242 2898 patricia.
1297 2814 1373 2891 Neque

271 2921 408 3010 Hispani
431 2947 522 3014 spem
545 2933 706 2994 terrarum
730 2924 918 3008 demittunt,
946 2947 1003 2992 rex
1026 2945 1172 2993 summos
1196 2921 1374 3011 magistratu

270 3037 415 3124 pecuniis
438 3038 481 3104 ad
502 3045 614 3124 partes
637 3060 712 3106 suas
736 3038 867 3106 allicere
890 3037 1002 3122 incipit
1010 3034 1054 3119 ⁵⁴).

345 3259 378 3328 ut
398 3261 432 3311 u.
451 3259 511 3309 aas.
531 3261 572 3310 ιι.

340 3349 376 3418 ³⁸)
399 3353 573 3415 Hsbsburgos
595 3353 713 3405 rabones
739 3365 800 3405 suas
827 3353 950 3415 politicas
977 3365 1006 3404 re
1028 3364 1093 3404 vers
1115 3354 1216 3407 talibus
1238 3336 1377 3416 argumenti

274 3447 427 3500 dormiisse
446 3457 479 3498 ex
497 3447 610 3510 epistola
621 3447 752 3509 Leopolni
770 3447 894 3498 cernitur.
926 3449 1026 3500 Iterum
1044 3450 1124 3512 atquc
1142 3451 1238 3502 iterum
1256 3435 1375 3506 inmersitr

275 3541 342 3594 uicit
363 3524 482 3594 ultanum
505 3544 599 3594 ducem
621 3545 649 3592 et
670 3541 843 3604 penultimum
865 3543 900 3592 ab
918 3542 1078 3604 imperatore
1101 3542 1197 3604 petiise
1220 3545 1248 3594 ut
1265 3531 1375 3590 civitatem

272 3637 418 3688 ordinaret:
438 3648 544 3688 recessu
556 3636 638 3697 igitur
650 3636 793 3697 composito
806 3636 960 3697 imperatori
974 3649 1063 3687 curam
1081 3638 1211 3687 terrarum
1230 3645 1292 3686 csse.
1318 3617 1375 3676 picit

272 3729 435 3792 Lscpolous:
463 3731 520 3782 Der
543 3731 648 3794 Kayser
670 3730 709 3780 sei
737 3741 784 3779 vor
806 3730 866 3780 dem
888 3731 1028 3782 urrunnu
1055 3730 1155 3782 borclts
1178 3730 1205 3780 ln
1227 3729 1310 3784 ibuns
1333 3707 1373 3765 Μὰ

273 3825 400 3876 exercitio
418 3826 486 3876 auch
504 3824 653 3896 possession
671 3824 720 3873 der
736 3824 891 3886 Regiemng
908 3825 961 3875 und
973 3825 1085 3874 Landen
1102 3825 1142 3874 als
1158 3820 1319 3876 Obcrrichtor
1332 3801 1372 3858 ull

272 3919 413 3972 Lebnhsrr
434 3918 569 3970 bsiunden
597 3927 723 3979 gewessn
750 3918 1032 3982 nndpverblieben
1055 3918 1126 3970 habe
1151 3919 1218 3972 anob
1239 3909 1319 3966 auersi
1338 3898 1371 3950 iic

272 4015 351 4068 Hand
369 4026 403 4064 an
421 4014 465 4064 die
483 4011 579 4062 Lanos
598 4014 697 4074 gelegt
734 4012 810 4075 Quod
828 4024 948 4064 recessus
966 4025 1100 4074 nunquam
1118 4012 1228 4080 effectus
1244 4010 1315 4068 atquo
1329 3997 1369 4046 Μ

271 4112 306 4162 ab
324 4105 548 4160 Interessontibus
565 4117 642 4169 quam
655 4107 689 4157 ab
702 4107 838 4158 ordinibus
851 4107 967 4169 rejectus
986 4105 1036 4156 init
1053 4107 1192 4168 praeterit.
1222 4104 1252 4154 oi.
1269 4105 1321 4160 ΙΝ·
1337 4087 1367 4136 ¹⁴·

277 4205 305 4253 st
320 4215 381 4266 pag.
402 4209 441 4255 ls.
1348 4268 1352 4280 Ι

324 4294 358 4360 ⁵⁴)
371 4297 531 4360 Quibuscum
541 4295 589 4347 cir.
600 4295 739 4358 epistolam
750 4295 849 4346 domiui
858 4295 892 4345 (ie
904 4294 1030 4346 Puisicux
1039 4295 1079 4347 tn:
1089 4293 1227 4346 mtmoires
1238 4289 1267 4340 io
1275 4277 1366 4336 possm

275 4401 337 4462 pag.
357 4396 397 4442 co.
414 4392 536 4457 Villcroy
548 4390 640 4442 scribit
657 4403 726 4442 suno
740 4395 805 4441 1609
824 4390 864 4440 iss
880 4390 995 4442 effluens
1011 4389 1183 4454 prinoipesux
1202 4387 1247 4440 dos
1263 4379 1308 4447 pits
1315 4371 1367 4433 ΡΨ
