2982 5032
689 305 899 372 -86.-

296 491 503 560 Possidentes
533 492 573 559 de
595 492 739 578 pristinis
761 493 905 576 partium
932 498 1144 579 utrarumque
1167 494 1358 576 actionibus,

233 605 346 690 quales
368 604 443 670 inde
466 605 508 671 ab
530 626 614 671 anno
631 605 712 669 1591
737 625 809 670 eum
837 604 1003 671 ordinibus
1027 610 1060 670 et
1082 605 1274 671 consiliariis
1301 605 1360 672 du-

233 723 329 784 catus
337 716 379 782 ils
390 715 491 783 icus
503 734 606 800 supra
615 715 875 797 memoravimus,
886 714 967 780 nibil
980 715 1179 782 attulerant..
1187 711 1361 799 Priuilegia

232 827 329 894 modo
352 834 387 893 et
409 827 516 894 edicta
537 826 702 909 Caesaris,
732 826 776 892 ad
801 827 855 910 jue
882 825 1081 894 sentinarum«
1103 827 1137 894 in
1158 826 1248 893 Julia
1268 827 1361 893 here·

224 939 386 1022 ‚clitorium
409 960 493 1024 quae
516 938 720 1022 spectabant,
742 938 935 1006 citaverant:
958 936 1140 1022 Leopoldus
1162 938 1308 1010 animum
1327 937 1362 1003 in

233 1051 373 1132 alteram
406 1049 570 1136 quandam
611 1049 842 1133 cogitationum
875 1048 1214 1134 disceptationemque
1243 1050 1363 1119 semem

232 1161 384 1232 intendit.
427 1161 664 1244 Imperatorem
690 1160 733 1226 ab
761 1159 908 1250 utriscue
937 1159 1063 1232 ultimis
1088 1159 1363 1244 principissam

222 1277 345 1356 fgatum
362 1291 460 1353 -esse,
491 1276 529 1338 ut
555 1270 790 1355 rempublicam
811 1271 833 1339 J
836 1270 975 1338 ulianam
998 1271 1226 1338 constitueret:
1255 1292 1364 1338 renes

232 1405 308 1452 sum
326 1382 426 1466 igitur
452 1381 495 1448 ab
516 1381 714 1466 imperatore
735 1381 953 1465 compositum
983 1401 1069 1464 esse,
1097 1381 1264 1458 ordinibus
1292 1383 1364 1451 uui-

232 1494 334 1563 versie
351 1491 609 1578 approbantibus
617 1490 676 1576 ¹⁵²),
697 1492 819 1560 Juliam
837 1475 958 1562 urbem
969 1513 1043 1562 eum
1054 1493 1118 1563 sibi
1133 1513 1321 1570 reservasse
1331 1499 1366 1560 st

232 1605 436 1686 custodiisse,
459 1603 661 1672 consiliarios
683 1623 743 1670 sua
765 1603 932 1672 uoluntate
955 1609 1024 1672 tam
1045 1605 1240 1685 nominasse,
1264 1626 1364 1689 quam

226 1717 418 1796 removisse.
462 1717 580 1799 Itaque
603 1713 848 1798 imperatorem,
877 1715 929 1782 cui
954 1714 1029 1785 inde
1056 1715 1099 1785 ab
1120 1715 1186 1782 illis
1207 1716 1365 1800 tempori-

222 1827 294 1908 ,bus
321 1847 377 1892 res
404 1826 554 1911 publicae
581 1825 696 1908 Julius
717 1825 934 1895 demandatae
963 1825 1101 1899 fussent
1135 1832 1171 1894 et
1196 1846 1365 1924 uunquam
1471 1835 1472 1840 ’

234 1937 428 2020 denegatae,
460 1936 560 2002 etiam
586 1943 661 2020 post
686 1942 826 2016 mortem
848 1936 943 2014 ducis
967 1943 1001 2003 et
1026 1957 1215 2022 supremum
1243 1959 1365 2006 causae

223 2047 386 2132 ,iudicem
398 2053 432 2114 et
453 2054 616 2117 temamm
638 2046 803 2117 dominum
817 2048 1013 2117 remansisse
1035 2054 1135 2132 atque
1157 2049 1199 2116 ab
1215 2049 1366 2143 omnibus
1471 2039 1472 2044 ’

234 2159 339 2224 talem
361 2159 585 2243 accipiendum
608 2158 746 2242 essem)
1471 2235 1472 2254 χ

223 2337 227 2350 ,
297 2269 483 2354 Principum
510 2270 573 2338 fuit
599 2269 758 2352 leopoldi
790 2269 969 2339 sententias
1001 2267 1166 2338 refellere.
1196 2269 1366 2337 ,Dusssel-
1471 2263 1472 2276 ²

236 2380 342 2465 dorpii
370 2379 400 2444 d.
422 2381 472 2444 21.
499 2401 542 2444 m.
567 2379 714 2463 Sept-ei
740 2379 1043 2463 responderunt.¹⁵⁴)
1089 2381 1213 2466 Neque
1231 2381 1365 2448 difficile

234 2490 306 2573 nit,
330 2511 371 2556 eu
384 2489 508 2560 iisdem
530 2511 614 2575 quae
637 2490 795 2559 archidux
815 2492 1000 2575 protulerat
1020 2493 1234 2576 argumentis,
1253 2493 1365 2578 jurum

235 2601 463 2679 Possidentum
483 2601 705 2686 iutegritatem
727 2601 888 2670 deducere
911 2607 945 2671 et
959 2602 1192 2670 demonstrare.
1222 2603 1258 2670 Si
1279 2604 1365 2672 euim

235 2733 288 2778 res
317 2734 389 2777 eum
418 2713 587 2780 ordinibus
614 2719 726 2797 gestae
753 2714 788 2780 in
814 2735 849 2782 re
878 2713 1007 2794 Juliaoa
1033 2734 1119 2788 nuuc
1144 2735 1275 2799 quoque
1296 2735 1365 2782 mc-

235 2828 382 2888 mentum
403 2821 571 2889 habebant
584 2859 626 2869 —
641 2829 679 2888 ut
700 2823 883 2907 Leopoldus
905 2824 1007 2890 uoluit
1025 2860 1067 2872 -
1082 2825 1201 2890 res'ad
1223 2824 1365 2892 officium

220 2933 346 3030 ,magis
360 2933 542 3018 principum
559 2933 869 3020 pertinebatquam
891 2935 1109 3020 imperatoris·
1151 2935 1237 3010 Nam
1252 2958 1366 3021 quam-

236 3044 285 3110 vis
307 3066 372 3110 non
393 3063 556 3128 negemus,
579 3044 709 3112 ordines
724 3067 953 3130 nonnunquam
968 3046 1248 3122 iuteresseutibue
1263 3047 1366 3116 obsti-

220 3154 329 3235 ··tisse,
358 3161 470 3220 tamen
491 3156 577 3222 inter
599 3162 712 3222 omnes
735 3162 872 3237 constat,
894 3175 1136 3224 eos‘recessum
1157 3157 1365 3242 imperatoris
1470 3161 1471 3176 ,

306 3531 356 3597 ¹⁵¹)
368 3535 519 3597 Leopoidus
531 3535 609 3590 dicit:
625 3539 676 3588 mit
687 3537 869 3600 oswiiiigung
880 3539 929 3590 der
939 3539 1116 3601 samptliohen
1128 3537 1294 3609 senescent
1306 3543 1364 3595 eino

238 3623 400 3678 mederbaro
416 3629 713 3693 Regiments-Ordnung
730 3631 814 3684 durch
831 3631 889 3684 ihre
907 3633 1078 3686 ansehnliobe
1096 3635 1302 3688 commissuram
1314 3638 1363 3690 Pu·

238 3719 364 3786 bbeiren,
387 3721 574 3774 Insonderheit
595 3725 665 3776 anob
688 3726 732 3776 die
753 3726 952 3788 Hauptiestung
974 3725 1071 3780 Gilieb
1093 3729 1121 3780 in
1136 3729 1207 3781 iter
1221 3732 1294 3796 May.
1311 3731 1364 3782 und

239 3815 286 3865 des
308 3813 379 3877 hoyi
397 3814 495 3866 Reichs
516 3818 705 3880 versiohcrung
721 3805 783 3868 'siud
800 3820 923 3870 verwabr
941 3821 1055 3872 nebmen
1072 3824 1127 3873 und
1143 3823 1249 3890 haitan,
1276 3824 1363 3877 mne

239 3907 286 3957 ab·
302 3907 356 3958 und
373 3910 500 3959 sumtum
517 3911 605 3961 iasseu
622 3913 655 3962 ei.
673 3922 718 3973 pg.
738 3917 753 3963 5
770 3923 815 3972 με.
834 3918 865 3963 12
884 3925 939 3976 seo.
1014 3928 1016 3938 ·

307 3997 358 4065 ²⁶³)
375 4000 511 4062 Lepoidus
529 4002 629 4069 scribit,
647 4005 834 4066 imperatorem
844 4012 847 4025 ·
858 4005 939 4058 odam
960 4009 1021 4070 post
1041 4011 1154 4061 mortem
1168 4011 1285 4064 ‚Ioannis
1302 4011 1363 4064 eui·

239 4091 320 4157 lelmi,
335 4093 377 4155 ,in
388 4093 480 4156 inune
492 4095 546 4146 und
558 4097 693 4163 exercitio,
710 4099 780 4149 anob
791 4099 940 4160 possession
953 4103 1001 4152 der
1011 4103 1165 4166 Regiemng
1176 4107 1231 4156 ιιιιᾱ
1244 4106 1361 4170 Lasion,

222 4183 281 4234 ·als
297 4183 491 4239 (lber-Richter
507 4189 563 4239 und
579 4189 720 4244 Lehnberr
736 4189 872 4243 boionden
888 4197 1037 4253 cupressu.⁸
1091 4205 1093 4212 ·
1469 4249 1470 4266 ,

223 4275 257 4349 .²'
308 4275 357 4342 ¹⁵⁴)
374 4279 894 4345 simmacus!woirmngwiineims
908 4286 1005 4349 lieplie
1021 4283 1166 4357 Smneiben
1181 4303 1219 4345 sn
1236 4293 1359 4358 Leopold
1469 4271 1470 4278 ἵ

240 4369 492 4424 bomissima
685 4407 689 4418 .
824 4375 942 4416 ι’·’·γ
1026 4411 1029 4421 .
1127 4401 1132 4414 =
