2982 5032
800 300 1011 364 -98-

386 487 467 572 Regi
489 487 574 552 enirn
595 493 722 552 tantum
747 486 943 570 confidebat,
974 493 1011 553 ut
1038 487 1128 574 prius
1156 509 1229 552 eum
1251 486 1423 551 audiendum

323 619 394 664 esse
417 599 584 680 censebat,
614 620 712 682 quam
734 599 803 682 ipse
827 620 899 663 cum
922 599 995 664 aliis
1018 598 1059 663 de
1081 598 1143 664 hac
1164 619 1200 663 re
1223 596 1376 682 ageret,²)
1394 598 1424 662 si·

323 711 454 794 mulque
478 729 551 775 eum
574 710 772 792 consulebat,
795 715 903 775 utrum
917 711 1068 795 precibus
1084 709 1231 776 ordinum
1246 709 1360 780 cedens
1372 710 1424 792 ipse

322 823 357 886 in
379 821 502 887 Juliam
524 843 559 887 se
582 821 745 886 conferret
767 843 809 886 an
831 822 916 886 non?

385 933 498 1018 Neque
522 932 644 998 elector
667 939 785 1007 tamen,
809 955 909 1017 quum
925 932 1126 998 Christianus
1141 931 1367 1016 respondisset,
1386 930 1427 994 he-

322 1044 422 1109 sitare
456 1065 491 1110 se
532 1043 610 1128 quid
642 1043 780 1124 faceret,
817 1043 880 1108 nisi
909 1041 1050 1108 Jacobus
1088 1064 1146 1108 rex
1172 1043 1264 1126 prius
1293 1062 1373 1126 quae
1398 1041 1427 1104 de

322 1153 447 1219 Unione
470 1135 630 1234 censeret,¹
650 1153 814 1236 edixisset,
838 1175 969 1220 causam
992 1154 1109 1219 omisit.

390 1264 428 1329 Id
450 1265 547 1330 modo
571 1265 720 1333 sicurae
744 1271 830 1346 crat,
856 1271 965 1333 utrum
989 1285 1060 1336 cum
1082 1264 1121 1329 iis
1145 1263 1353 1347 conjungeret
1373 1283 1427 1326 con-

210 1443 212 1448 ,
323 1376 410 1457 silis,
434 1377 489 1460 qui
511 1376 661 1440 ultimum
683 1396 792 1440 rerum
815 1375 996 1456 discrimen,
1020 1381 1175 1460 quantum
1197 1381 1359 1457 poterant,
1376 1374 1427 1456 jan

323 1507 389 1552 non
411 1488 585 1569 evitarent,
614 1507 656 1551 an
678 1488 768 1551 novis
789 1485 1041 1552 tractationibus
1065 1505 1136 1550 cunr
1158 1485 1212 1566 lis,
1241 1484 1369 1570 (quales
1387 1482 1429 1547 Sa·

320 1599 432 1679 xones)
461 1599 517 1684 qui
538 1597 800 1680 Brandenburgis
828 1595 1031 1662 inimicitiam
1059 1596 1352 1677 comminabantur,
1377 1614 1428 1657 ren

320 1709 482 1776 Juliacam
507 1715 724 1792 componeret.

384 1820 468 1885 Nam
491 1821 664 1885 electorem
686 1841 751 1885 non
772 1818 864 1902 fugit,
887 1818 1076 1884 Mauritium
1098 1818 1302 1900 landionem,
1326 1835 1429 1898 exque
1469 1881 1470 1890 ,

322 1929 480 2014 Dresda³l
503 1952 652 1999 reversus
668 1936 764 2012 esset,
787 1930 983 1997 senientiam
999 1951 1090 1998 suam
1106 1929 1346 2013 quodammodo
1364 1943 1430 1992 con-

319 2050 473 2110 mutasse.
502 2042 631 2120 Etenim
655 2042 717 2111 etsi
733 2041 904 2106 Mauritius
925 2047 1037 2124 partes
1060 2040 1363 2124 Brandenburgicos
1382 2058 1429 2104 non

318 2150 507 2236 desermt,⁴l
535 2158 645 2220 tamen
673 2151 819 2233 credidit,
847 2151 1025 2221 amicitiam
1054 2151 1227 2236 Saxoninn,
1256 2153 1428 2236 quibuscum
1469 2233 1470 2236 Ἴ

319 2264 461 2333 Uniones
483 2264 524 2330 de
547 2272 660 2330 mutua
683 2262 884 2344 successione
907 2268 1015 2344 erant,
1044 2284 1107 2338 non
1132 2264 1261 2331 omnino
1287 2263 1428 2330 dimitten-

320 2376 395 2439 dam
417 2397 498 2439 esse.
543 2375 582 2439 D.
608 2376 657 2439 19.
680 2396 721 2438 m.
745 2374 822 2438 Dec.
848 2373 929 2436 1609
958 2373 1117 2459 Beyerus,
1146 2395 1243 2457 quem
1270 2373 1387 2438 elector
1403 2375 1427 2432 ct
1469 2425 1470 2501 1

319 2483 486 2550 (lasselam
510 2491 544 2550 et
559 2483 810 2566 Heidelbergam
827 2483 1044 2566 delegaverat,
1068 2484 1203 2549 electori
1217 2485 1356 2564 nuntiat,
1376 2481 1427 2545 lan-

319 2595 447 2661 dionem
470 2617 597 2661 summa
619 2613 698 2660 curra
726 2595 922 2678 prospicere,
952 2615 993 2660 ne
1016 2595 1160 2661 Saxones
1190 2593 1344 2660 offendat.
1382 2595 1428 2655 iic·
1468 2575 1469 2606 r

317 2708 417 2772 cessit
445 2708 532 2790 quod
560 2707 855 2774 ordines'Hassiae·
875 2705 1028 2774 Mauriiio
1056 2728 1168 2774 curam
1196 2707 1232 2776 ic
1260 2728 1299 2774 re
1320 2704 1428 2772 Julisea

317 2816 510 2898 adhibitam,
539 2839 579 2882 ex
607 2838 673 2899 qua
695 2817 804 2900 patria
827 2825 866 2882 et
882 2817 960 2886 belli
983 2818 1275 2884 necessitatcmet
1304 2817 1368 2884 alia
1387 2813 1427 2878 de

316 2928 472 2993 trimenta
500 2933 647 3012 caperet,
676 2925 963 3009 exprobraverant.
1007 2927 1184 2994 Praeterea
1212 2927 1327 2998 landis
1350 2941 1427 3006 aegre

315 3040 406 3120 tulit,
436 3039 522 3124 quod
551 3045 680 3106 summa
708 3037 786 3106 belli
814 3038 859 3106 ab
886 3038 1012 3106 Unione
1041 3030 1427 3108 desudantissimus

316 3152 476 3234 promissa
497 3151 567 3216 init
577 3151 599 3230 ⁵)
1113 3163 1115 3173 '
1285 3185 1288 3192 ·

381 3261 528 3344 Denique
551 3259 734 3341 dubitabat,
762 3281 803 3328 ou
825 3257 910 3327 Unio
936 3280 971 3324 re
994 3281 1163 3330 veracem
1185 3259 1350 3330 luliacum
1374 3275 1425 3320 sus·
1466 3291 1467 3381 1

316 3478 520 3488 ...φφ-..Ἥ

409 3493 412 3500 v

385 3639 406 3706 i)
426 3641 467 3694 Ex
485 3641 617 3692 mandatis
636 3641 797 3706 sigismundi
815 3643 848 3693 dc
866 3641 967 3694 Goctze
985 3637 1216 3708 Rosenthalensis,
1240 3641 1285 3705 qni
1311 3643 1345 3692 ad
1367 3631 1426 3689 Chri·

319 3735 433 3786 silanum
453 3737 592 3796 delegatus
611 3737 652 3786 est
669 3737 695 3786 d.
715 3743 757 3788 iit
773 3752 808 3787 m.
827 3736 884 3787 Oct.

384 3827 407 3893 ³)
427 3831 460 3879 ci.
478 3842 540 3890 pag.
561 3836 602 3880 91.

383 3921 405 3987 ⁴)
424 3921 457 3972 D.
476 3931 500 3974 3.
518 3937 552 3974 m.
571 3923 649 3974 Dee:
676 3925 795 3987 Beyerus
819 3925 923 3974 nuntiat
941 3923 1091 3974 landionem
1109 3924 1274 3984 promisisse:
1310 3924 1345 3972 Er
1361 3914 1422 3968 woiic
1464 3931 1465 3969 ι

314 4029 381 4077 geru
398 4017 471 4076 tisun
490 4029 547 4068 was
565 4018 650 4068 sinen
668 4020 798 4077 gatrauau
815 4019 923 4072 ursuni
941 4019 1031 4081 sisset
1049 4018 1103 4072 und
1120 4015 1241 4078 :sumet
1266 4017 1319 4078 Qui
1335 4011 1421 4082 quiden

314 4109 403 4160 omnia
420 4111 547 4169 percaute
565 4111 670 4170 egebat.
706 4111 814 4164 Elector
832 4112 912 4163 etiam
924 4122 965 4164 m.
981 4112 1046 4162 Juu.
1066 4117 1132 4164 isle
1150 4111 1251 4166 Joauni
1262 4109 1372 4170 Georgia
1382 4103 1421 4155 tn·

314 4203 431 4254 irsiionsi
456 4203 564 4264 scripsit
586 4204 622 4254 de
642 4204 741 4257 auriiio
758 4205 878 4256 Mauritii
905 4216 973 4266 quae
991 4204 1043 4258 sibi
1058 4205 1193 4264 speranda
1210 4208 1317 4269 essent,
1344 4214 1370 4254 se
1390 4206 1422 4246 ¹¹&
1463 4229 1464 4261 ι

315 4297 396 4348 seire:
415 4298 467 4348 wie
479 4297 602 4348 waltoni
617 4297 804 4350 dossenHiilie
822 4311 855 4348 su
873 4299 1015 4350 sebeusei.
1033 4298 1113 4352 Arcu.
1125 4299 1204 4370 Desa
1222 4299 1370 4359 eimau
1381 4293 1421 4339 ιιι.

383 4389 407 4454 ⁵)
424 4390 467 4442 Ex
483 4391 618 4458 relatione.
630 4391 728 4454 ceseii
747 4392 773 4444 ri.
790 4398 820 4446 ui
835 4392 901 4466 Dee.
921 4397 995 4448 itus.
