2980 5040
759 274 970 338 ..66-

303 461 470 529 Marchiae
492 481 527 528 se
550 460 754 545 conjungunt.
783 459 958 544 Duishurgi
983 459 1059 536 inde
1082 482 1103 528 n
1124 460 1177 528 die
1204 461 1234 526 4.
1261 480 1354 544 usque
1371 459 1401 525 ad

305 573 393 638 diem
421 573 471 638 14.
498 593 540 638 m.
569 571 634 637 Jul.
665 575 839 638 conventus
867 571 938 638 luit.
982 571 1122 640 Ordines
1146 571 1243 640 fidem
1269 571 1404 638 dederunt

302 684 528 770 principesque
551 681 697 748 dominos
720 688 925 766 acceperrmt.
939 683 978 762 97)

368 795 430 875 Qui
450 792 714 882 repromiserunt,
737 813 832 860 saera
853 815 952 878 quam
974 792 1225 861 catholicatum
1247 794 1405 878 euangelica

303 928 339 976 se
366 913 613 974 conservaturos
639 904 865 989 neminemque
893 927 914 973 n
946 904 1049 972 libero
1080 905 1245 990 religionis
1277 906 1405 975 exercitio

301 1018 520 1104 prohibituros
542 1039 624 1084 esse.
674 1015 800 1083 Deinde
822 1017 1034 1084 constitutum
1062 1021 1127 1098 est,
1149 1023 1198 1086 ‚nt
1228 1017 1364 1097 ordines,
1386 1015 1406 1080 si

301 1131 465 1216 principes
487 1135 565 1198 ante
587 1149 720 1194 causam
743 1127 953 1195 successionis
976 1126 1188 1211 dijudicatam
1213 1128 1246 1196 vi
1272 1133 1305 1196 et
1329 1126 1395 1194 arni

273 1235 277 1242 ’
301 1244 389 1308 inter
410 1263 445 1307 se
468 1244 705 1320 concurrerent,
727 1237 791 1304 fide
813 1260 898 1306 nunc
920 1238 1000 1308 data
1022 1238 1232 1306 solverentur.
1244 1239 1283 1321 98)

368 1353 478 1437 Atque
505 1350 540 1416 in
568 1350 599 1415 d.
624 1351 674 1414 13.
700 1371 742 1416 m.
764 1349 829 1416 Jul.
858 1371 957 1434 quum
985 1354 1177 1417 conventum
1205 1348 1350 1416 ordinum
1372 1347 1406 1413 in-

303 1463 476 1544 dixissent,
504 1461 803 1528 Hohenzolleranus
837 1460 880 1530 ad
901 1461 1016 1528 urbem
1043 1460 1175 1528 advenit
1207 1465 1241 1524 et
1278 1464 1315 1524 ut
1340 1459 1407 1525 intre

301 1595 412 1639 muros
433 1573 633 1656 reciperetur
655 1572 853 1658 depoposcit.
896 1573 1082 1640 Auctoritas
1101 1575 1212 1640 autem
1225 1567 1407 1655 imperatoris

302 1685 390 1769 apud
401 1685 609 1751 Possidentes
621 1689 750 1752 tantum
764 1683 905 1767 valebat,
919 1690 966 1765 ut,
982 1703 1082 1772 quum
1095 1681 1158 1766 ipsi
1169 1681 1331 1763 adessent,
1343 1699 1408 1746 con·

301 1796 487 1861 missorium
510 1797 579 1880 ejus
600 1817 665 1861 non
685 1795 903 1879 prohiberent.
948 1793 1036 1862 Socii
1056 1795 1165 1876 etiem,
1193 1793 1316 1860 elector
1334 1790 1408 1858 Pale

301 1907 389 1977 tinus
412 1905 575 1989 ducesque
598 1912 631 1970 et
651 1906 810 1974 Bedensis
833 1911 867 1974 et
881 1905 1225 1988 Wuertembergensis,
1248 1906 1407 1980 suaserant,

302 2022 340 2082 ut
354 2037 427 2080 cum
442 2015 639 2099 imperatore
657 2021 690 2082 et
704 2017 819 2100 legetis
831 2018 901 2102 ejus
915 2017 1084 2106 modestae
1093 2022 1210 2086 ‚essent
1224 2009 1406 2093 actiones;⁹⁹)

302 2127 361 2193 sed
386 2127 659 2208 Hohenzollerus,
688 2129 741 2196 eui
769 2129 858 2213 apud
886 2129 971 2196 cives
1001 2127 1178 2212 hospitium
1205 2127 1320 2194 datum
1346 2127 1405 2200 erat,

302 2237 432 2302 ordines
455 2237 538 2302 clam
554 2238 751 2319 sollicitavit,
773 2244 810 2303 ut
831 2240 864 2302 in
879 2239 1010 2304 domum
1033 2237 1181 2302 ducalem
1204 2237 1404 2303 deduceretur.

302 2347 362 2416 Cui
388 2349 551 2433 principes
574 2348 745 2432 objiciunt,
767 2347 924 2416 mandata
947 2350 1033 2432 ejus,
1060 2371 1160 2434 quum
1187 2354 1295 2418 status
1320 2363 1404 2414 rerun

302 2571 398 2635 genet
415 2571 469 2624 nnd
487 2571 543 2624 sich
561 2583 610 2624 aur
627 2569 871 2632 berathachlagune
888 2569 1029 2624 derselbcn
1046 2571 1178 2638 erbotten,
1196 2561 1404 2628 demitterent

301 2665 428 2719 nummtr
444 2665 480 2718 im
496 2663 582 2718 cenet
599 2663 693 2734 mindi.

293 2795 298 2798 -
369 2759 406 2822 ⁹³)
422 2759 543 2820 Apparet
563 2760 643 2812 fldem
662 2771 740 2822 quam
758 2757 894 2810 nominant
911 2757 1070 2818 allgemeinc
1087 2757 1343 2820 Landoshuldigunn
1361 2755 1407 2803 tull

301 2867 318 2904 a
341 2853 428 2904 clivia
451 2855 479 2904 et
499 2853 620 2904 Menenia
641 2853 731 2904 datam
754 2865 821 2903 esse.
855 2853 899 2904 Ex,
922 2853 1102 2913 appellatione
1124 2853 1211 2915 prima
1232 2850 1406 2909 mitorum,

301 2960 370 3012 qnae
387 2948 475 2999 exstat
492 2946 520 2998 in
538 2959 589 2998 rer.
607 2946 662 2998 Jul.
680 2947 772 3000 Fare:
790 2947 881 2999 dicunt
898 2945 1032 3008 principes
1049 2961 1105 3004 rem
1123 2948 1235 3000 interd.
1254 2953 1279 3000 4.
1298 2949 1325 2998 et
1341 2949 1368 2996 14
1381 2952 1406 2989 n·

300 3041 355 3092 Jul.
373 3043 463 3094 aotam
480 3053 546 3094 esse
582 3041 774 3103 Jnsjureudnm
791 3042 855 3094 tune
872 3041 964 3094 datum
982 3055 1040 3096 esse
1058 3043 1184 3098 aduersus
1196 3041 1310 3103 Netorpi
1322 3039 1406 3090 senten-

299 3135 366 3186 tiam
382 3136 514 3186 contendo
533 3137 590 3196 (Dr.
609 3135 641 3186 (i.
659 3137 762 3195 Natorp
781 3135 824 3186 die
842 3135 997 3190 Graischeit
1008 3137 1094 3192 Mark.
1113 3137 1235 3190 Iserlohn
1248 3141 1314 3191 1859
1331 3147 1355 3194 p.
1366 3123 1406 3192 aa).

300 3228 400 3278 Dicunt
421 3227 555 3288 principer
585 3227 613 3278 in
634 3228 722 3288 prima
742 3227 942 3288 Appellatione:
972 3230 1015 3284 die
1038 3229 1138 3286 Stinrie
1160 3231 1252 3286 haben
1271 3222 1406 3290 gentilicis

300 3320 487 3380 handgeliibde
505 3321 559 3370 und
576 3320 669 3382 pflicht
686 3320 811 3384 geleistet
834 3323 888 3376 und
905 3337 955 3377 uns
972 3324 1012 3374 als
1029 3325 1087 3379 ihre
1104 3323 1407 3381 inconstanter

299 3414 355 3472 tirt.
392 3412 456 3465 Sino
478 3414 560 3466 uncio
580 3416 664 3478 legati
680 3416 831 3478 principum
849 3418 1035 3479 jusjurandum
1052 3417 1173 3472 crurum
1192 3417 1295 3471 cliviae
1313 3417 1339 3467 et
1352 3413 1406 3463 Mer·

300 3509 379 3560 ahiae
394 3511 562 3577 acceperunt,
580 3523 642 3562 nam
658 3511 793 3574 principes
810 3514 874 3566 ante
890 3513 916 3564 d.
936 3519 959 3565 7.
977 3511 1214 3574 Dneraeldorpium
1229 3522 1346 3567 reversos
1361 3513 1406 3558 eser

299 3616 334 3654 ox
351 3603 464 3664 epistola
479 3604 595 3657 Rndollo
614 3605 639 3656 d.
659 3611 683 3658 l.
701 3605 757 3657 Jul.
775 3606 839 3658 deta
857 3605 1023 3668 intelligitur.
1058 3606 1197 3668 Principes
1215 3607 1241 3660 d.
1260 3613 1301 3660 ln
1318 3619 1350 3659 m
1364 3595 1405 3652 Jnt

299 3697 499 3762 Duesseldorpii
517 3699 607 3766 luisse,
625 3713 659 3752 ex
676 3699 831 3756 Pnlendorfl
847 3700 915 3752 libro
933 3699 980 3752 IV.
999 3709 1044 3761 ps.
1063 3705 1077 3750 9
1096 3701 1239 3762 colligitur.

367 3789 405 3859 ⁹⁸)
422 3794 464 3844 Da
481 3794 531 3846 wir
549 3793 655 3858 heyden
671 3806 720 3844 vor
736 3793 975 3846 Hanbtrachlicher
997 3793 1189 3856 ennoneidunr
1211 3797 1298 3850 dieser
1315 3792 1405 3844 Succcc

299 3887 435 3938 monsmch
452 3889 536 3938 wider
554 3887 682 3940 einander
700 3887 812 3954 iehtrrcn
833 3888 867 3940 de
889 3889 960 3940 lacto
983 3887 1140 3942 idmehmen
1161 3889 1284 3954 onnon,
1306 3881 1405 3940 welehtt

299 3981 369 4032 doch
386 3981 424 4032 sic
442 3980 667 4035 dieLandstinde
684 3981 758 4034 nicht
774 3984 926 4048 rermnten,
944 3983 1013 4036 noch
1030 3983 1129 4050 nonen,
1146 3984 1248 4037 wellen
1261 3983 1299 4036 sie
1316 3979 1365 4032 bias
1380 3983 1404 4024 ll

299 4089 409 4128 mester
426 4076 626 4128 reconciliationi
643 4079 730 4140 asmpt
741 4077 797 4130 und
807 4077 918 4129 scnders
935 4077 1007 4128 ihrer
1019 4073 1336 4146 accumularentur
1350 4065 1403 4124 nuel

299 4171 417 4223 erlasacn
432 4172 499 4223 sein.

366 4263 399 4326 99)
430 4267 541 4318 menni:
568 4277 656 4327 geren
677 4266 853 4332 Knyrerliehe
875 4265 1004 4330 Maiesttit
1029 4266 1084 4318 und
1105 4267 1149 4320 dic
1172 4266 1321 4322 Quoties
1338 4257 1401 4316 mitt

297 4371 360 4409 mon
376 4359 522 4421 glimpnimr
539 4361 605 4413 rein.
622 4361 731 4422 llacrpt.
749 4361 838 4414 Berol.
