2980 5040
679 249 870 316 ..8-

219 455 253 514 et
277 467 349 512 cnm
366 443 595 512 commissariie
616 463 670 508 res
688 439 862 521 tractabat,
876 442 1098 523 proposuerat,
1119 443 1157 502 ut
1177 435 1220 502 ad
1234 434 1358 500 defen-

221 558 362 624 dendam
394 557 536 640 patriam
572 551 730 634 indigenis
766 551 845 634 ipsis
878 571 969 616 arma
1001 549 1164 615 darentur.
1209 539 1357 625 'Quibus
1484 605 1485 642 ,

222 669 362 738 maxime
379 667 419 734 de
434 666 531 732 rebus
546 663 567 729 J
568 683 689 729 oannes
700 662 869 728 Palatinus
882 661 1001 745 junctis
1017 658 1157 726 consiliis
1173 679 1244 724 cum
1259 679 1356 724 com·
1484 655 1485 660 ’

222 779 379 846 missariis
402 797 498 860 agere
521 774 693 857 cogitabat.

286 887 436 972 Delegati
458 887 542 952 enim
565 884 607 950 ab
628 885 825 967 imperatore
839 881 970 948 fuenmt
983 880 1164 946 Ludovicus
1180 879 1219 944 de
1234 879 1354 964 Hoyas

222 1001 274 1066 cui
295 998 520 1065 Richsenstein
534 995 682 1081 parebat,
705 993 902 1060 camerarius
922 992 1108 1078 imperialis,
1132 998 1165 1058 et
1190 989 1352 1056 Danielus

224 1111 318 1176 Prinn
340 1108 569 1188 Buchavensis,
591 1107 626 1171 in
648 1111 764 1170 senatu
785 1105 1048 1188 provocationum
1071 1101 1281 1168 consiliarius.

286 1222 454 1300 Quaenam
485 1239 597 1284 eorum
632 1216 672 1280 de
708 1214 912 1280 defendenda
942 1221 1033 1280 terra
1060 1213 1146 1280 foret
1175 1211 1350 1292 sententia,

224 1352 289 1397 non
311 1323 367 1396 din
389 1329 533 1396 dubitari
554 1333 693 1412 poterat.
1229 1330 1234 1340 '

287 1441 371 1507 Nam
401 1462 464 1524 quo
493 1445 639 1523 tempore
677 1437 889 1504 commissarii
918 1435 1142 1520 Dusseldcrpii
1175 1455 1244 1502 rem
1273 1453 1351 1517 age-

226 1553 306 1620 bant
328 1553 387 1631 (ad
408 1551 505 1616 finem
532 1551 656 1616 scilicet
678 1549 798 1614 mensis
821 1548 982 1629 Octobris)
1004 1547 1182 1631 imperator
1197 1544 1351 1612 Coloniae

224 1685 284 1748 per
311 1664 435 1748 legatos
462 1663 548 1728 inter
574 1660 754 1726 Hollaudos
784 1666 818 1724 et
843 1659 1008 1743 Hispanos
1035 1679 1149 1742 pacem
1177 1656 1351 1722 conciliare

225 1773 421 1854 studebat⁵l
467 1775 583 1857 Itaque
609 1770 821 1836 commissarii
847 1769 1057 1850 nuntiabant,
1085 1790 1149 1834 non
1175 1789 1255 1853 opus
1278 1788 1351 1832 csse

228 1885 327 1950 armis
348 1883 585 1967 indigenarum
609 1903 650 1948 ex
671 1880 955 1946 intercessionibus
977 1880 1183 1964 imperatoris
1197 1877 1352 1946 Coloniae

232 1995 313 2061 actis
335 2016 449 2080 pacem
472 1995 629 2060 orituram
652 2013 733 2058 esse.

292 2106 433 2184 Quorum
456 2111 532 2171 vota
553 2125 647 2169 nemo
665 2103 888 2169 admirabitur.
923 2101 1142 2167 Commissarii
1165 2102 1259 2182 enim,
1283 2103 1352 2186 qui-

226 2218 287 2284 bus
315 2216 505 2282 mandatum
536 2222 621 2297 erat,
650 2221 687 2280 ut
716 2221 877 2280 terrarum
909 2213 1079 2297 imperium
1102 2211 1241 2276 Rudolfo
1269 2213 1347 2278 clam

228 2326 488 2410 suppeditarent,
516 2325 598 2388 nihil
625 2325 727 2406 magis
753 2323 982 2407 prohibebant,
1017 2343 1114 2405 quam
1143 2327 1180 2386 ut
1208 2325 1350 2388 exercitu

227 2435 451 2518 indigenarum
473 2435 665 2520 conscripto,
688 2435 708 2498 J
710 2455 830 2500 oannes
846 2433 1013 2498 Palatinus
1035 2432 1068 2495 in
1083 2432 1179 2496 terris
1194 2433 1351 2516 majorem

229 2544 290 2612 sibi
317 2550 450 2629 pararet
475 2551 682 2629 potestatem.
727 2545 828 2623 Quem
856 2565 929 2608 cum
950 2543 1002 2608 vel
1023 2543 1164 2608 maxima
1185 2548 1280 2626 parte
1303 2566 1351 2608 or-

229 2656 349 2736 dinum,
372 2677 508 2739 quorum
529 2657 704 2740 privilegiis
727 2655 866 2736 favebat,
889 2675 1088 2740 quorumque
1111 2654 1240 2718 nomine
1256 2675 1349 2738 quae·
1446 2645 1450 2652 ’

229 2767 382 2832 rimonias
406 2765 449 2829 ad
470 2765 593 2847 legatos
612 2767 816 2851 imperatoris
832 2766 1004 2846 detulerat,
1027 2765 1207 2830 arctissime
1223 2765 1345 2848 conjun-

232 2883 320 2942 ctum
348 2895 419 2940 esse
449 2876 681 2958 intelligebant.
731 2877 834 2954 Quam
867 2877 908 2941 ob
935 2897 1004 2940 rem
1029 2877 1063 2940 in
1090 2875 1187 2942 rebus
1215 2874 1344 2962 publicis

231 2987 447 3054 deliberandis
470 3007 534 3051 non
556 2987 650 3051 modo
674 2987 813 3052 consiliis
835 2993 903 3053 tam
926 2993 1069 3053 statuum
1092 3008 1190 3072 quam
1212 2986 1349 3052 Palatini

235 3099 443 3166 abstinebant
467 3099 516 3179 (ex
541 3097 664 3163 duobus
680 3099 831 3164 cancellis
847 3121 930 3182 quae
946 3099 1171 3182 Dusseldorpii
1186 3105 1219 3164 et
1233 3099 1349 3164 Cliniae

236 3215 330 3274 erant
350 3208 463 3292 paucis
493 3205 589 3270 modo
617 3205 770 3271 adhibitis
797 3207 1008 3291 consiliariis).
1052 3209 1116 3274 Sed
1139 3211 1238 3275 etiam
1260 3211 1350 3276 stati-

233 3319 293 3385 bus
315 3316 516 3382 infestissimi
538 3315 729 3382 existebant.

300 3428 370 3508 Qui,
399 3433 573 3511 antequam
596 3429 820 3515 commissarii,
848 3451 983 3513 quorum
1011 3431 1097 3496 haud
1120 3431 1216 3497 laetis
1239 3433 1350 3497 animis

234 3543 482 3623 expectaverant
505 3537 686 3620 adventum,
708 3540 880 3620 venissent,
904 3540 1098 3606 Guilelmum
1113 3543 1227 3607 ducem
1243 3565 1349 3608 senem

233 3655 271 3715 ut
291 3655 403 3714 vetera
426 3670 536 3714 eorum
551 3649 755 3716 confirmaret
770 3655 803 3715 et
814 3651 890 3735 jura
906 3657 939 3716 et
953 3653 1130 3737 privilegia,
1152 3661 1348 3738 rogaverant.

235 3745 309 3826 Dux
333 3764 452 3840 autem,
475 3759 654 3842 Jacobaea,
674 3759 810 3828 ,Ioannis
834 3761 984 3828 Guilelmi
1005 3763 1063 3827 filii
1085 3784 1184 3829 uxore
1213 3787 1230 3830 e
1253 3767 1347 3850 stirpe

235 3869 378 3938 Badensi
398 3870 634 3951 intercedente,
663 3873 806 3955 quamvis
835 3873 1020 3956 petentibus
1050 3894 1210 3958 propenso
1240 3877 1274 3940 iu
1302 3898 1347 3941 or·

237 3983 327 4048 dines
355 3987 531 4047 tuncusus
553 3981 660 4046 studio
694 3981 917 4064 satisfecisset,
945 3989 1055 4049 tamen
1083 3987 1347 4053 acommissariis

238 4092 396 4158 deductus
427 4085 536 4175 (quum
565 4090 695 4157 difficile
723 4115 787 4158 non
809 4095 852 4159 sit
872 4093 1004 4188 invalidi
1026 4097 1111 4161 senis
1132 4095 1263 4162 flectere
1285 4099 1348 4163 ani-

305 4339 326 4404 ⁵)
345 4342 387 4393 Ex
403 4341 500 4395 litteris
518 4341 628 4394 Joaunis
646 4341 671 4392 d.
690 4347 730 4394 18.
748 4340 818 4394 Oct:
842 4341 954 4406 comptis
973 4342 1080 4408 meret.
1098 4341 1195 4403 Hdlbg.
