2980 5040
720 129 932 196 „14-

331 315 434 393 Quam
456 333 601 400 spem‘se
623 314 792 380 fefellisse:
816 337 887 382 esse
908 317 995 380 enim
1017 317 1142 402 aliquos
1163 317 1219 402 qni
1236 317 1435 386 commis

267 427 425 494 sariorum
460 426 649 492 monitiones
684 426 765 492 nihil
799 427 1010 494 aestimantes
1046 429 1107 496 sub
1128 429 1235 512 speeie
1261 431 1436 512 privile-

266 539 390 622 giorum
411 538 615 622 antiquorum
636 537 765 621 incepta
791 559 902 604 eorum
930 538 973 604 ad
994 561 1111 606 vanum
1133 545 1167 604 et
1187 539 1347 604 irritum
1376 561 1435 606 re-

268 648 374 732 digere
408 654 606 714 conarentur.
655 649 741 726 Quos
770 654 807 714 et
834 649 921 732 apud
951 649 1112 718 (inensam
1140 655 1173 716 et
1202 651 1311 733 apud
1354 673 1434 730 eos,

268 760 323 844 qui
350 759 438 826 nullo
464 760 536 844 jure
562 757 733 844 imperium
755 779 914 826 summam
941 781 1050 826 rerum
1082 766 1309 844 appeterent,
1353 784 1433 828 non
1482 798 1483 807 .

267 891 366 954 parvo
386 891 457 936 esse
484 891 631 950 numero,
663 890 698 936 se
724 891 788 936 non
809 870 1268 953 ignorar012);eommissariis
1303 872 1433 955 igitur
1482 921 1483 941 .

267 980 453 1048 mandatum
475 1002 555 1063 esse,
577 986 614 1046 nt
635 980 832 1046 Jaoobeeam
855 1003 875 1046 a
896 981 1016 1047 talibus
1037 987 1211 1048 avocarent
1230 982 1374 1062 rebus.

330 1091 459 1158 Talibus
485 1092 583 1175 igitur
609 1090 775 1158 mandetis
801 1090 878 1158 freti
900 1093 1111 1158 commissarii
1132 1093 1260 1158 litteras
1291 1115 1324 1160 a
1353 1095 1428 1159 Pa-

267 1203 367 1268 latino
397 1201 491 1268 datas
518 1221 635 1284 magna
665 1222 737 1268 oum
770 1201 943 1268 insolentia
971 1203 1131 1286 rejiciunt.
1192 1203 1427 1270 Rescribunt

267 1313 376 1395 igitur,
398 1312 539 1378 Joannes
561 1333 626 1378 non
647 1311 770 1379 afficiat
791 1332 826 1378 se
848 1312 1014 1378 acerrimis
1036 1313 1102 1378 suis
1125 1313 1329 1396 sospitem),
1361 1337 1423 1380 sa-

267 1423 326 1490 luti
352 1423 572 1508 reipublicae
601 1445 635 1490 se
665 1444 795 1490 reoessu
822 1423 878 1490 illo
905 1429 1133 1507 prospeoturos
1155 1444 1241 1505 esse,
1271 1445 1420 1508 neque,

267 1555 364 1618 quum
394 1555 434 1599 ex
461 1535 623 1602 mandatis
651 1535 857 1619 imperatoris
886 1540 1001 1618 agant,
1030 1535 1127 1600 ullius
1151 1555 1237 1614 esse,
1268 1541 1414 1600 conata

267 1644 555 1712 commissariorum
576 1643 772 1727 retinere²¹).
816 1645 906 1721 Quae
928 1667 991 1728 quo
1013 1646 1086 1728 plus
1101 1646 1260 1712 haberent
1274 1652 1411 1712 aucto

265 1754 373 1820 ritatis
405 1775 443 1820 ex
472 1753 626 1821 mandato
653 1755 858 1838 imperatoris
885 1775 982 1838 qnam
1010 1777 1109 1839 supra
1136 1758 1405 1822 memoravimus

265 1864 500 1947 partiunculam
522 1864 701 1932 ediderunt.

329 1976 379 2042 Ex
411 1997 474 2060 qua
507 1977 591 2042 ratio
621 1975 825 2061 imperatoris
861 1975 994 2060 politiae
1028 1977 1134 2060 qualis
1169 1982 1272 2058 esset,
1316 1985 1397 2044 tuno

265 2087 368 2172 primo
390 2088 546 2156 elucebat.

329 2199 438 2264 Edixit
459 2199 545 2264 enim
571 2200 764 2282 imperator,
790 2202 827 2262 ut
852 2197 968 2280 legati,
999 2199 1027 2263 si
1048 2198 1189 2264 Palatini
1210 2203 1269 2264 aut
1293 2199 1381 2265 Jaeo

265 2307 349 2372 basa
374 2308 432 2382 vel¹
450 2308 591 2374 consiliis
620 2327 731 2372 eorum
758 2304 924 2372 officerent
955 2308 1006 2372 vel
1041 2309 1212 2392 imperium
1241 2311 1386 2393 arripere

266 2422 464 2500 conarentur,
492 2419 639 2485 omnibus
661 2415 766 2482 modis
793 2416 992 2484 resisterent.
1043 2418 1149 2484 Solius
1177 2419 1386 2503 imperatoris

265 2533 429 2614 tamqnam
452 2531 594 2614 supremi
614 2536 776 2594 terrarum
799 2527 920 2594 domini
941 2550 1013 2596 esse
1035 2529 1172 2596 formam
1195 2530 1336 2596 civitatis
1351 2532 1383 2592 et

265 2641 458 2705 eonstituere
486 2646 519 2705 et
553 2639 737 2722 mutaret).
781 2639 830 2702 De
856 2641 1008 2724 religione
1036 2645 1146 2705 autern
1173 2641 1374 2706 constitutum

266 2755 335 2814 erat
357 2755 393 2814 ut
414 2751 502 2814 novis
525 2750 625 2814 sacris
647 2749 753 2814 nullus
777 2748 910 2814 daretur
928 2747 1070 2832 loeus⁹³l
1113 2748 1208 2814 Unde
1223 2751 1321 2816 elucet
1332 2764 1369 2809 ne

264 2857 336 2924 huic
370 2859 499 2946 quidem
532 2859 580 2926 rei
613 2857 878 2942 Habeburgorum
914 2857 990 2923 fidei
1026 2858 1204 2925 catholicae
1241 2859 1375 2926 studium

263 2970 404 3038 alienum
432 2971 541 3038 fuisse.
585 2972 697 3056 Neque
724 2971 970 3056 imperatorem,
999 2976 1037 3036 ut
1057 2971 1243 3053 videbatur,
1268 2969 1382 3054 tetigit,

331 3205 364 3271 1⁹)
382 3218 450 3270 quae
476 3205 621 3270 imperator
643 3219 677 3257 er
699 3207 829 3258 relatione
852 3207 1000 3269 legatorum
1023 3207 1048 3260 d.
1073 3173 1114 3260 el.
1137 3223 1172 3260 m.
1190 3209 1290 3261 Novbr.
1312 3209 1385 3260 nete

264 3302 375 3364 sonunt.
722 3309 724 3316 ’

330 3392 364 3460 ²⁰)
382 3396 511 3448 seribunt:
530 3397 578 3448 der
595 3396 675 3448 Ftirst
696 3397 776 3447 welle
788 3397 865 3448 Ihrer
881 3396 930 3447 mit
938 3397 1092 3448 demessui
1105 3397 1243 3448 'seharffen
1260 3397 1386 3458 uitrigen

264 3489 390 3542 sehrllten
406 3493 578 3544 remehonen.

329 3581 362 3648 Ἃ)
380 3587 509 3638 soribunt:
533 3587 568 3636 da
590 3597 619 3636 es
642 3597 703 3635 anas
724 3585 881 3646 aagendam
909 3585 983 3636 Kais.
1012 3585 1086 3636 ambt
1114 3585 1272 3646 gesohiehet
1294 3585 1385 3636 rurae

264 3677 386 3729 menard
403 3681 605 3732 verhoffentlieh
623 3679 779 3738 elngreifen.
797 3679 904 3740 nserpt.
923 3679 1036 3740 Hdlbrg.
1054 3679 1102 3729 fol.
1121 3685 1162 3731 70.

330 3767 364 3834 ²⁸)
390 3773 466 3824 Haeo
488 3775 596 3825 inerunt
611 3774 695 3825 verte
711 3772 841 3823 mandati:
876 3771 1023 3824 Sinitemal
1041 3773 1129 3824 dieses
1146 3772 1207 3825 Orts
1225 3774 1308 3834 alloin¹
1324 3773 1384 3826 Une

265 3866 316 3918 ales
333 3867 386 3918 den
398 3865 529 3920 Obersten
540 3868 632 3920 Henbt
648 3866 702 3917 und
713 3866 872 3918 Lehnherrn
889 3867 944 3929 bey
961 3879 990 3916 so
1008 3867 1195 3927 geroheffenen
1211 3866 1311 3919 Smerde
1329 3867 1383 3918 ani

264 3963 335 4015 ronst
351 3962 476 4013 nlemend
492 3961 583 4013 Iehtes
600 3971 633 4012 an
651 3960 781 4011 statniren
798 3961 864 4010 oder
881 3959 1010 4020 ordnung
1027 3971 1060 4010 ru
1078 3961 1166 4022 geben
1183 3959 1287 4022 genua.

330 4055 364 4120 ²⁸)
383 4069 417 4108 ex
434 4058 520 4108 altera
536 4055 647 4106 Joannis
665 4055 779 4116 epistole
795 4055 830 4104 ad
851 4053 956 4114 legatos
978 4053 1041 4104 data
1058 4066 1111 4116 qna
1126 4055 1252 4105 mandata
1269 4056 1382 4116 impera·

263 4151 328 4202 toris
349 4151 546 4204 oonmtat..'1n
573 4150 621 4200 der
643 4149 768 4211 Religion
793 4149 873 4198 keine
895 4148 1041 4210 Neuernng
1066 4147 1219 4210 singem
1241 4149 1310 4200 noel
1333 4149 1381 4198 der

264 4244 384 4306 selblgen
402 4245 508 4306 einiger
524 4244 601 4295 Platn
618 4243 749 4306 gegeben.
767 4241 874 4304 moret.
892 4241 1005 4303 anum.
1023 4241 1069 4292 lul.
1087 4247 1128 4294 ee.
