2982 5032
761 271 990 334 -100-

320 465 425 526 totam
447 479 579 526 causam
602 457 646 524 nd
668 477 761 526 suum
783 455 926 529 tribunal
947 453 1102 537 traheret,
1125 473 1197 520 oum
1218 453 1352 519 electore
1370 454 1415 520 Pa·

320 569 422 638 latino
445 591 480 636 oe
503 569 678 653 conjunxit.
721 569 863 654 Beyerus
892 567 1019 649 legatus
1034 565 1279 648 Heidelbergae
1307 565 1415 630 tnnrab

321 683 460 747 electore
483 701 581 766 quarn
603 680 645 746 ab
667 701 767 745 uxore
791 680 860 764 ejus
883 677 984 761 gratio
1006 677 1121 742 animis
1143 682 1295 760 acceptus
1316 681 1370 741 eet.

384 793 525 876 Legatnc
551 793 695 873 uniones,
728 813 809 876 quas
838 788 1082 871 Brandenburgi
1117 807 1189 852 curn
1216 786 1367 853 Palatinis
1396 793 1418 852 et

319 907 449 988 utrique
475 903 637 988 principes
667 923 741 968 cum
767 900 937 973 Hollandis
965 897 1154 986 fecerint¹⁰),
1188 899 1222 963 in
1253 899 1419 964 memoriam

320 1015 470 1080 electoris
498 1013 635 1080 reducit
683 1011 859 1077 Confirmat
888 1011 1068 1091 PalatinuS,
1106 1016 1143 1074 ut
1176 1008 1319 1076 Joannes
1345 1008 1420 1091 Sigie

319 1125 458 1190 mundus
479 1125 549 1210 ipse
571 1123 615 1190 ad
637 1128 828 1188 conventum
851 1121 985 1188 Unionis
1006 1119 1239 1205 proficiscatur.

384 1235 568 1300 Electorem
594 1255 636 1300 ea
658 1249 785 1318 quoque
808 1233 951 1313 ratione,
979 1237 1016 1298 nt
1037 1231 1079 1298 ad
1102 1231 1262 1296 Unionem
1285 1253 1320 1296 se
1341 1230 1420 1319 appli-

321 1351 419 1427 caret,
442 1345 618 1412 adductum
641 1364 722 1427 esse,
745 1353 782 1410 ut
798 1343 961 1408 Saxonum
976 1347 1110 1408 conatus
1126 1325 1277 1423 dilueret,
1300 1361 1339 1407 ex
1352 1363 1420 1408 man·

320 1455 407 1524 datia
429 1456 546 1541 Beyeri
568 1455 824 1541 cognoscitur..¹¹)

469 1747 514 1816 De
536 1749 695 1814 conventu
716 1745 846 1814 Unicuie
868 1743 981 1822 Helloe
997 1744 1155 1812 ‘suevicae
1176 1744 1301 1814 habito.

369 1879 455 1964 ,Tali
475 1881 510 1946 in
533 1879 716 1946 discrimine
747 1879 824 1944 dum
846 1884 1016 1972 vereantur
1043 1898 1111 1960 ree,
1139 1879 1223 1944 Unio
1247 1879 1422 1964 Euangeliou

207 2057 210 2064 ,
282 2013 286 2022 ’
320 1989 452 2060 Hallnnr
469 1990 638 2056 Suevicam
654 1991 812 2069 convenit,
827 1989 943 2068 ¹Quam
959 1994 1036 2054 tunc
1048 2010 1111 2076 non
1132 1990 1338 2072 praeteribat
1357 2009 1422 2054 eon·

318 2122 414 2166 mune
438 2101 588 2186 Europae
609 2099 799 2185 pericnlum.
844 2100 1022 2201 Praecipue
1046 2106 1156 2166 autem
1185 2099 1226 2166 ce
1256 2122 1296 2166 re
1317 2101 1422 2166 luliaco

317 2212 478 2296 principes
501 2212 602 2284 locuti
624 2217 708 2276 sunt.
752 2211 855 2290 Quam
885 2210 1015 2294 quidem
1044 2232 1108 2276 non
1135 2211 1266 2278 omnino
1288 2213 1322 2276 in
1343 2213 1422 2276 Bran·

315 2320 558 2403 denburgornm
581 2321 784 2388 commodum
807 2343 863 2386 eoa
884 2321 1076 2402 decrevisse,
1099 2323 1172 2404 quie
1194 2322 1388 2392 adoriretur?

381 2430 466 2496 Nam
488 2451 588 2513 quum
617 2429 696 2496 nihil
725 2431 898 2522 antiquius¹
911 2431 1085 2528 haberent,
1114 2453 1213 2515 quam
1242 2440 1279 2500 ut
1302 2433 1421 2499 Saxones

318 2539 367 2634 arl-
384 2561 444 2608 sua
467 2541 600 2629 consilia
623 2546 863 2622 converterent,
888 2541 965 2608 -fieri
984 2563 1048 2608 non
1068 2543 1193 2625 potuit,
1226 2565 1313 2628 quae
1333 2543 1421 2612 illido

318 2653 519 2718 successione
542 2659 746 2736 quaererent,
769 2653 851 2736 quin
868 2658 1097 2736 agnoscerent,
1118 2673 1160 2720 ea
1182 2654 1316 2737 quidem
1337 2653 1423 2720 condi·

317 2762 422 2841 tione,
445 2769 496 2843 ut,
514 2762 628 2846 -quoad
650 2781 748 2850 cauea
770 2784 834 2830 non
857 2763 1036 2847 dijudicata
1057 2769 1160 2844 resset,
1184 2764 1340 2832 ducatum
1358 2785 1422 2829 oon·

318 2871 407 2934 muni
441 2872 602 2936 sententia
635 2871 707 2936 oum
746 2872 894 2940 Palatino
927 2879 960 2938 et
994 2873 1181 2940 marchione
1216 2875 1423 2942 Brandenbur·

317 2981 387 3062 gioo
411 2982 605 3046 obtinerent.
1280 2967 1284 2972 ⁵

341 3139 343 3154 .
381 3089 502 3160 Tamen
524 3113 608 3178 quae
622 3075 1150 3176 imperatoroontra'Possidentca
1164 3097 1346 3178 moliretur,
1365 3095 1421 3179 quin

317 3203 348 3265 vi
369 3201 600 3285 repugnandae
622 3208 745 3284 essent,
769 3225 868 3286 quum
887 3203 955 3286 jam
978 3225 1043 3269 non
1066 3205 1316 3290 dubitarent,¹')
1343 3205 1421 3272 domi

319 3405 522 3426 W

386 3581 422 3648 1⁰)
441 3585 474 3634 cl.
493 3597 574 3646 snpra
591 3595 635 3646 pg.
654 3591 687 3636 80
704 3599 760 3646 req.

386 3675 422 3740 11)
441 3676 575 3738 Scriptum
592 3679 645 3728 eat:
673 3678 745 3728 Weil
762 3678 870 3738 sonatan
885 3678 950 3728 kain
967 3680 1055 3732 liittel
1072 3681 1125 3731 den
1141 3680 1312 3746 piprtliclren
1328 3682 1419 3739 Hnulon,

317 3768 360 3818 dle
378 3770 536 3829 pragiaehen
553 3769 642 3820 Raithe
659 3771 713 3820 und
732 3769 875 3820 Sachaen
897 3785 930 3821 zu
952 3775 1059 3824 stenem
1080 3775 1135 3824 und
1157 3777 1214 3826 aleo
1238 3777 1284 3828 dle
1299 3775 1383 3826 Laude
1396 3781 1419 3819 ιι

318 3860 446 3926 erhalten,
464 3875 542 3912 wenn
559 3863 634 3914 nicht
651 3863 694 3913 die
711 3863 801 3914 Union
824 3865 885 3914 dass
907 3867 1024 3917 aneehen
1045 3868 1189 3928 gewinaen
1208 3871 1288 3928 wtrrl.
1323 3869 1419 3920 suono

317 3955 406 4002 autem
422 3955 639 4017 Brundenburfftr
656 3957 755 4007 bellum
771 3959 944 4010 comminator
956 3973 1023 4026 eoae,
1041 3961 1178 4014 sloleetor
1195 3965 1223 4014 in
1234 3964 1334 4016 Julian
1344 3957 1418 4017 eoiret

302 4045 400 4103 ‚cnut
416 4045 538 4110 Droyteu
556 4049 593 4102 IL
612 4057 625 4100 2
643 4064 670 4111 p.
690 4055 746 4101 581.
765 4051 798 4102 of.
817 4063 861 4112 pc.
880 4059 944 4119 1²⁰3
962 4067 1022 4116 ann,
1042 4059 1084 4106 86.
1282 4105 1286 4112 ,
1305 4095 1309 4107 .

386 4135 420 4200 11.)
440 4135 557 4199 Iteratur
579 4143 698 4193 Venetus
721 4143 814 4194 scona
836 4145 862 4194 d.
886 4151 927 4197 11·
949 4162 983 4197 ιιι.
1008 4149 1088 4212 Febr.
1112 4155 1179 4202 ltro
1197 4152 1338 4214 principes,
1358 4155 1418 4210 (11111

320 4225 448 4278 Henriour
466 4243 512 4281 rex
524 4235 650 4284 auxilinm
668 4235 841 4302 promisisset,
858 4251 951 4298 paoem
969 4255 1049 4303 qnam
1065 4243 1111 4292 din
1128 4245 1204 4295 Julia
1222 4245 1367 4308 expugnata
1380 4247 1418 4286 111

320 4317 569 4380 θιιθῒ,”ι“θριιᾱίιιιο.
605 4326 688 4387 cnjus
705 4329 793 4379 verbu·
805 4337 879 4387 aunt:
915 4333 969 4384 Per
985 4335 1012 4384 le
1028 4308 1164 4397 promotae
1180 4339 1211 4388 oi
1228 4339 1294 4390 alnti
1312 4338 1371 4392 reor
1385 4325 1418 4378 (¹⁸¹
