2980 5040
124 453 255 538 tradidi,
279 473 319 517 ex
342 451 506 518 codicibus
521 453 685 535 Msorptis.
708 451 928 519 Bibliothecae
951 453 1167 520 Berolinensis
1190 454 1244 520 fol.

126 566 188 630 852
210 570 244 630 et
265 563 320 630 fol.
344 562 406 628 853
429 563 592 647 exscripsi.

188 675 343 741 Exactis
376 680 486 739 autem
512 673 652 738 Archivii
682 675 823 758 Ascanii,
863 675 950 760 quod
976 675 1152 742 Dessaviae
1185 683 1245 758 est,

123 787 339 852 tractationes
361 805 444 868 quae
466 785 553 848 inter
575 783 718 852 Saxones
741 793 775 850 et
797 786 965 862 Unionem,
990 808 1137 871 quaeque
1160 788 1247 852 inter

124 898 269 964 Saxones
286 902 320 961 et
333 895 560 979 imperatorem
581 915 753 980 regemque
768 897 892 963 Daniae
915 897 1054 978 fuerunt,
1078 933 1117 943 —
1132 897 1245 962 militis

124 1006 342 1087 Passavensis,
357 1005 646 1088 argentoratensis,
663 1006 809 1074 Silesiaci
824 1014 1012 1092 apparatus,
1034 1009 1242 1092 rationesque

125 1118 282 1201 politicas,
305 1115 420 1200 quibus
435 1115 589 1187 Joannes,
600 1115 830 1200 sigismundus,
853 1118 930 1184 dum
946 1118 1090 1184 Marohia
1111 1119 1145 1184 in
1160 1140 1245 1184 sum·

127 1249 179 1292 mo
201 1226 342 1312 periculo
364 1226 567 1310 versabatur,
590 1249 640 1292 ao.
658 1215 740 1292 1610
754 1249 831 1294 usus
854 1229 906 1310 sit,
933 1229 1098 1314 descripsi.

188 1338 270 1405 Acta
291 1357 375 1421 quae
397 1343 529 1420 praeter
550 1343 660 1404 cetera
681 1338 829 1422 excerpsi
850 1345 939 1404 sunt:

190 1449 220 1527 1)
243 1447 413 1512 Memorial
437 1447 490 1514 hir
512 1447 575 1514 den
598 1448 784 1514 Gesandten
805 1447 978 1533 Christoph
999 1472 1027 1515 v.
1049 1448 1249 1516 Lehendorff

122 1579 184 1623 von
206 1557 269 1623 den
291 1555 482 1624 Gebriidem
503 1557 575 1623 Joh.
599 1557 713 1642 Georg,
735 1560 867 1643 August,
891 1559 1014 1625 Rudoli
1024 1560 1091 1625 und
1104 1559 1245 1646 Lndwig,

122 1669 261 1734 Fiirsten
286 1691 326 1734 zu
348 1668 485 1750 Anhalt,
523 1668 645 1735 Grafen
672 1691 711 1734 au
734 1669 896 1736 Askanien
928 1692 971 1736 an
998 1670 1127 1736 Johann
1149 1671 1245 1756 Sigis-

121 1779 221 1846 mund
243 1785 303 1844 etc.
326 1785 387 1844 etc.
410 1800 482 1844 cum
505 1779 650 1864 epistolis
673 1786 706 1845 et
728 1804 748 1846 a
771 1781 898 1846 Joanno
922 1780 1125 1864 Sigismundo
1148 1787 1181 1848 et
1203 1782 1245 1848 ab

85 1879 95 1898 ⁸
121 1890 304 1956 Anhsltinis
326 1890 455 1974 scriptis
478 1891 523 1970 (d.
546 1892 597 1958 27.
618 1913 660 1957 m.
682 1891 879 1958 dum-17.
901 1914 943 1958 m.
965 1892 1030 1962 Jul.
1053 1893 1161 1977 1610).

186 2003 221 2079 2)
235 2000 420 2066 Jiiliohsche
436 1999 841 2068 Successionbetreffende
856 2003 982 2070 Saohen
996 2003 1106 2082 (Arch.
1118 2003 1178 2070 Tit
1186 2003 1242 2069 1v.

124 2131 177 2176 ιο.
199 2110 264 2190 ‘18).
291 2110 379 2176 Haeo
401 2111 549 2176 collectio
570 2113 713 2177 continet
734 2113 889 2196 epistolas
912 2113 1084 2196 Saxonum,
1106 2114 1247 2198 impera·

124 2223 218 2301 toris,
251 2221 397 2303 Unionis,
433 2222 517 2305 regis
550 2221 674 2287 Daniae
697 2222 740 2302 (d.
764 2223 813 2288 23.
836 2245 878 2288 m.
908 2223 1001 2289 Febr.
1027 2225 1111 2288 1610
1139 2261 1179 2274 -
1202 2245 1245 2290 m.
1386 2247 1389 2252 ·
1446 2203 1449 2210 ⁴

126 2331 207 2414 Aug.
233 2332 337 2411 1610).

186 2441 221 2520 3)
244 2441 387 2508 Samuell
402 2442 511 2508 Greiss
526 2443 666 2526 gethane
683 2443 852 2528 Avisirung
866 2465 974 2528 wegen
996 2444 1053 2510 des
1070 2443 1243 2512 Giilischen

120 2552 187 2618 und
209 2553 352 2620 anderen
366 2553 603 2636 Kriegswesens
619 2575 661 2620 an
677 2553 750 2622 Ihre
765 2555 986 2622 Durchlaucht
999 2555 1020 2620 J
1021 2555 1128 2622 ohann
1143 2555 1242 2622 Geor·

123 2684 183 2746 gen
204 2665 229 2730 1.
251 2686 291 2729 ιι
312 2663 441 2728 Anhalt.
463 2664 630 2747 Epistolae
651 2664 887 2748 Heidelbergae
911 2665 1009 2732 datae
1035 2672 1111 2734 sunt
1134 2664 1242 2750 (Arch.

122 2773 411 2857 ffistmffi

187 2885 221 2968 4)
247 2883 384 2950 Volrath
411 2905 473 2949 von
494 2883 652 2950 Plessen’s
676 2883 977 2970 (lhmpfaltz-Rath
1005 2885 1100 2952 Avise
1123 2885 1164 2952 de
1187 2887 1245 2954 ais.

124 2995 216 3077 1604,
240 2995 332 3075 1606,
357 2994 448 3076 1607,
473 2995 564 3060 1609.
588 2995 698 3074 (Arch.
721 2995 782 3060 Tit.
806 2997 848 3062 II.
870 3018 921 3061 no.
947 2996 1012 3081 18).

186 3105 219 3188 5)
234 3105 449 3189 Hieronymus
464 3103 505 3168 de
516 3103 659 3170 Dieskau
669 3104 807 3188 gothone
818 3105 1084 3172 Handschreiben
1094 3127 1136 3170 an
1148 3107 1245 3174 Fiirst

119 3215 251 3282 Johann
273 3214 379 3299 Georg
405 3237 446 3280 au
466 3215 596 3282 Anhalt.
634 3217 801 3300 Epistolae
824 3217 1008 3284 Dieslmuae
1038 3221 1071 3282 et
1100 3217 1246 3284 Berolini

122 3326 221 3392 datae
243 3331 319 3393 sunt
341 3326 450 3406 (Arch.
473 3327 534 3391 Tit.
558 3328 599 3392 11.
622 3349 675 3394 ιο.
700 3323 766 3411 17).

186 3438 354 3523 Quumque
376 3437 457 3502 nihil
478 3437 586 3521 potius
607 3437 784 3520 habebam,
820 3459 918 3522 quam
946 3443 984 3504 ut
1009 3458 1118 3504 rerum
1143 3437 1246 3506 Julia-

122 3549 266 3614 oensium
287 3548 423 3614 historia
445 3547 657 3632 diplomatica
678 3547 781 3630 fieret,
804 3550 919 3614 talium
943 3549 1041 3614 etiam
1060 3550 1245 3616 litterarum

122 3660 381 3746 scriptorumque
404 3658 541 3725 aliorum
562 3659 758 3724 mentionem
779 3657 857 3741 feci,
886 3679 969 3744 quae
1000 3659 1070 3743 ipse
1092 3680 1157 3726 non
1170 3659 1246 3743 vidi,

122 3770 234 3836 sedin
255 3769 400 3836 fontibus
421 3775 603 3836 memorata
628 3770 746 3836 inveni.
797 3771 847 3836 Ex
877 3769 927 3836 his
954 3769 1051 3836 facile
1077 3771 1150 3856 quis
1171 3792 1245 3840 mea

123 3879 285 3964 complere
312 3881 433 3963 poterit
465 3885 499 3946 et
528 3879 715 3948 emendare:
744 3903 821 3949 nam
845 3881 927 3968 haec
953 3881 1146 3965 imperfecta
1174 3902 1245 3948 esse

122 3997 156 4056 et
183 3991 331 4058 omnibus
361 3990 429 4056 fere
467 4012 506 4057 ex
537 3992 684 4076 partibus
718 3991 871 4057 laborare
893 4009 988 4056 nemo
1024 4013 1103 4058 sane
1129 3991 1244 4057 melius

124 4102 195 4183 scit,
218 4123 316 4186 quam
340 4121 408 4185 ego.
