2982 5032
664 295 987 360 -140-'

285 481 409 546 Similia
431 488 542 547 autem
560 505 580 547 a
595 483 765 548 Possiden-

221 591 308 662 tibus
334 593 368 656 in
395 595 528 678 epistola
557 595 587 657 d.
610 593 702 672 sliu
724 617 764 659 m.

221 704 309 788 Aac.
326 705 403 767 dato
424 704 513 771 dicta
533 711 636 771 orant.
667 703 766 790 Cujus

219 815 320 880 verba
342 821 429 881 sunt:
469 873 473 887 ,
851 834 902 885 Dio
935 834 1105 885 ansehnliche
1139 835 1257 886 Allodisl
1294 838 1347 886 und

785 929 1102 989 ,eigenthnmblichc
1120 927 1214 996 Stuck,
1233 943 1273 980 nn
1292 931 1345 980 de·

797 1033 859 1072 nen
877 1022 1005 1082 einiger
1023 1025 1203 1074 extranens
1223 1025 1264 1073 im
1283 1037 1348 1074 we-

798 1115 1348 1180 nigstennichtsnnsprcchcnhat.

285 1267 410 1333 Deinde
433 1267 513 1333 dicit
533 1267 732 1352 Leopoldns:
855 1267 1014 1334 Dixerant
1036 1269 1260 1336 Possidentes:

271 1405 341 1458 Dass
362 1419 416 1456 nnn
437 1406 528 1456 fernen·
548 1418 703 1466 angenogen
725 1405 765 1456 als
851 1405 914 1460 Und
932 1405 971 1456 sie
989 1405 1016 1454 in
1034 1406 1185 1469 gleicher
1202 1407 1350 1470 qualitet

220 1499 304 1551 solien
337 1499 433 1549 keine
467 1500 702 1560 competitores
734 1499 762 1548 in
796 1499 850 1549 und
874 1499 1019 1561 forden-ung
1041 1512 1090 1561 gar
1111 1501 1235 1582 ticinen*
1258 1515 1349 1552 conr-

221 1593 695 1656 gleichcnqnaiitaatensein.
801 1593 1092 1654 petitorcnwissen.
1127 1661 1131 1668 1

285 1745 378 1810 Unde
407 1752 588 1829 spectatur,
618 1745 819 1830 Leopoldum
845 1747 1127 1830 hanc'epistolam
1153 1754 1228 1832 post
1254 1770 1349 1814 acce-

220 1862 294 1941 ptas
316 1857 542 1922 Possidentum
568 1857 697 1922 litteras
720 1856 858 1923 dedisse.
894 1857 955 1922 Hic
977 1894 1018 1904 -
1040 1864 1078 1923 ut
1104 1859 1152 1924 ita
1174 1859 1281 1926 dicam
1304 1897 1350 1906 —

221 1973 272 2034 est
292 1969 448 2034 terminus
471 1990 491 2034 a
513 1990 591 2054 quo,
614 2005 656 2015 —
678 1969 835 2034 terminus
858 1968 901 2033 ad
923 1989 1019 2053 quem
1043 1969 1114 2052 ipse
1136 1991 1171 2035 se
1193 1971 1349 2054 praebet:

220 2100 296 2144 nam
312 2078 342 2142 d.
361 2081 474 2155 listi.
489 2098 533 2144 m:
548 2080 636 2163 Sept.
659 2079 867 2145 Possidcnics
890 2079 1054 2163 Leopoldo
1075 2082 1280 2164 respondent.
1350 2097 1354 2104 ·

287 2189 406 2256 Omnes
428 2191 488 2256 has
511 2191 666 2274 epistolas
689 2191 722 2255 in
743 2191 840 2255 rebus
863 2189 1091 2276 cognoscendis
1113 2193 1252 2256 maxime
1274 2213 1349 2258 esse

222 2303 386 2383 momenti,
406 2301 526 2385 judico.
559 2301 686 2368 Placuit
708 2303 793 2366 enim
814 2301 1013 2388 principibus
1033 2323 1098 2366 non
1116 2303 1225 2388 jurum
1247 2304 1350 2368 inter-

220 2411 429 2497 pretationes,
454 2449 493 2458 -
516 2412 629 2495 quales
652 2413 884 2478 crebrerrimae
900 2411 1007 2477 factae
1023 2419 1127 2495 crant,
1151 2448 1191 2458 -
1214 2434 1254 2478 cx
1273 2435 1351 2478 con-

221 2523 444 2590 stitutionibus
464 2523 626 2590 veteribus
649 2528 811 2590 assumtas
834 2522 916 2604 dari,
938 2522 996 2588 sed
1017 2543 1070 2590 ros
1092 2524 1167 2588 inde
1190 2523 1232 2590 ab
1255 2545 1351 2590 oocu-

220 2635 352 2719 patione
375 2639 537 2700 terrarum
558 2641 668 2717 gestas
695 2635 783 2717 ipsas
805 2634 924 2716 repeti:
953 2653 1061 2698 rerum
1087 2635 1186 2716 igitur
1212 2635 1350 2700 scientia

221 2749 367 2826 augetur.
403 2745 586 2810 Memorato
609 2751 720 2811 autem
735 2743 956 2826 dignissimum
972 2749 1036 2824 est,
1059 2751 1216 2829 utrasque
1235 2751 1350 2830 partes

220 2855 254 2922 in
276 2872 463 2928 causasna
490 2854 696 2920 defendenda
722 2875 824 2938 usquo
855 2855 897 2919 ad
920 2877 1039 2920 aunum
1065 2855 1143 2920 1591
1169 2876 1348 2920 recurrere.

178 3024 180 3028 ,
220 2965 315 3033 Unde
337 2987 395 3032 nos
416 2965 515 3032 etiam
532 2965 790 3032 machinationes
802 2966 948 3049 inceptas
964 2972 997 3032 et
1011 2965 1206 3034 narrationis
1220 2966 1351 3032 initium

220 3078 405 3144 faciendum
428 3097 499 3142 esse
523 3074 723 3158 credimusii.

284 3190 401 3254 Totum
423 3187 554 3270 quidem
575 3187 759 3252 litterarum
782 3187 1009 3255 commercium
1030 3188 1123 3254 nobis
1146 3209 1210 3254 non
1233 3193 1351 3254 notum

221 3305 281 3364 est.
318 3300 368 3362 En
388 3297 527 3380 epistola
541 3297 766 3362 Possidentum
782 3295 812 3362 d.
829 3297 922 3373 8.l18.
938 3319 980 3362 m.
996 3299 1074 3382 Aug.
1096 3299 1175 3363 data
1195 3298 1352 3380 intelligi-

221 3416 287 3490 tur,
310 3407 509 3490 Lcopoldum
529 3408 598 3491 jam
621 3413 696 3473 ante
718 3407 804 3472 diem
820 3409 870 3472 26.
885 3429 927 3472 m.
943 3409 1007 3472 Jul.
1032 3403 1087 3490 (st.
1102 3410 1195 3488 novo)
1219 3409 1351 3473 litteras

222 3519 380 3606 quasdam
407 3518 548 3582 dedisse:
576 3539 657 3602 quas
685 3518 734 3582 illi
756 3518 787 3583 d.
810 3518 838 3582 5.
862 3539 903 3583 m.
927 3518 1006 3602 Aug.
1034 3515 1217 3605 reddunt³).
1261 3517 1351 3583 Neu-

221 3638 307 3696 tram
331 3629 500 3713 epistolam
523 3630 604 3694 novi.

286 3739 438 3806 Ceterum
461 3740 671 3823 epistolarum
693 3738 858 3824 Leopoldo
882 3739 1032 3808 datarum
1054 3741 1199 3808 nonnulii
1224 3741 1289 3806 loci
1313 3741 1352 3804 in

221 3853 350 3919 litteras
373 3873 392 3917 a
414 3849 659 3916 Possidentibus
681 3849 724 3916 ad
739 3849 913 3916 Caesarem
936 3852 1074 3934 scriptas
1096 3852 1139 3916 ad
1159 3852 1258 3918 verba
1280 3849 1353 3917 fere

221 3963 411 4048 transcripti
433 3969 517 4028 sunt.

292 4277 315 4343 a,
339 4281 373 4331 ci.
390 4279 419 4330 in
436 4247 630 4330 Dissertatione
648 4291 693 4340 1)ss-
709 4285 732 4330 1.
746 4283 769 4329 6.

293 4370 317 4439 ⁸)
338 4374 373 4426 ct.
390 4372 419 4424 in
435 4373 629 4426 Dissertatione
646 4385 691 4435 pg.
706 4377 738 4424 so
756 4385 812 4436 seq.
