2980 5040
712 219 924 286 „33-

242 409 374 474 libidine
396 429 464 473 rem
486 409 681 493 egissent¹⁰),
703 408 754 474 rel
775 409 954 493 imperator
975 429 1101 474 summo
1123 407 1280 491 imperio
1309 407 1422 491 poti-

243 527 296 585 tus
318 525 413 584 esset.
441 519 530 598 Quae
553 541 651 605 quum
674 519 799 586 duobus
813 519 1023 605 principibus,
1046 519 1103 604 qui
1117 519 1421 584 nominabantur

243 630 508 714 praetendentes,
535 633 611 716 jura
637 633 849 716 possessionis
876 631 1083 714 derogarent,
1110 630 1182 695 lieri
1204 629 1344 714 potuit
1375 637 1417 694 ut

244 740 363 806 bellum
387 742 620 809 exardesceret.

308 852 420 936 Neque
442 853 599 920 Henrieus
620 875 679 920 rex
700 873 805 938 neque
827 853 966 918 ministri
990 853 1060 937 eJ'us
1087 851 1300 933 credebant,
1338 853 1415 918 sin-

248 984 323 1028 cera
344 983 424 1044 esse,
447 987 530 1048 quae
553 965 704 1030 Albertus
726 965 882 1030 archidux
903 985 962 1048 per
983 963 1235 1044 Richardotnm,
1270 965 1344 1028 cui
1371 973 1415 1028 ut

246 1095 358 1158 pacem
386 1095 457 1138 cum
480 1075 649 1140 Hollandis
677 1083 884 1159 componeret
911 1077 953 1141 ab
980 1075 1037 1140 illo
1066 1075 1267 1139 mandatum
1311 1083 1410 1154 erat,

245 1183 483 1264 declaraverat,
511 1206 546 1250 se
572 1207 636 1250 non
662 1187 758 1252 modo
786 1188 932 1252 neutrius
958 1187 1050 1251 inre
1073 1186 1202 1250 Juliaoa
1226 1185 1407 1251 futurum

248 1314 319 1358 esee
342 1293 446 1378 partis
462 1293 519 1358 sed
542 1295 641 1360 etiam
663 1303 732 1362 tom
754 1298 925 1382 diligenter
946 1298 1021 1383 paei
1042 1297 1248 1381 prospicere,
1282 1302 1335 1362 ut
1361 1321 1407 1362 ex
1448 1337 1449 1340 =

248 1403 361 1486 legatis
389 1404 627 1473 aRichardoto
658 1409 889 1476 commendatis
915 1430 1021 1494 neque
1044 1409 1198 1490 alterum,
1227 1407 1274 1472 de
1303 1409 1403 1474 Buc-

247 1517 376 1600 quoium
397 1517 606 1600 nominatum,
629 1519 686 1602 qui
708 1520 815 1584 studio
837 1521 914 1586 belli
937 1520 1077 1600 arderet,
1099 1539 1206 1603 neque
1221 1519 1399 1600 alterum,

247 1647 341 1710 quem
364 1627 542 1711 Hispanum
569 1625 701 1695 natione
730 1631 858 1697 ordines
881 1632 1020 1697 ducatus
1042 1635 1229 1714 suspectum
1254 1630 1397 1697 habere

247 1745 392 1822 possent,
430 1739 668 1804 l'erdinandum
706 1740 746 1805 de
783 1742 889 1825 Lopes
926 1743 968 1808 ad
1005 1741 1136 1807 viduam
1173 1741 1338 1807 mitteret
1346 1744 1394 1822 ¹¹).

248 1848 473 1932 Francogalloe
500 1871 703 1935 summopere
730 1853 849 1918 veritos
872 1875 953 1934 esse,
980 1874 1021 1918 ne
1049 1852 1240 1918 archiduces
1279 1856 1390 1938 copiis

245 1959 424 2045 conjunctis
451 1983 582 2027 oausam
608 1963 813 2046 imperatoris
840 1965 874 2028 in
902 1965 1023 2030 ducatu
1051 1963 1269 2030 defenderent
1299 1987 1386 2031 neve

247 2071 422 2154 elicerent,
444 2078 482 2139 nt
499 2071 659 2140 denuo-
675 2097 779 2160 neque
795 2076 864 2145 sine
886 2097 1002 2159 magno
1026 2081 1059 2141 et
1081 2075 1327 2142 Hollandornm
1355 2087 1386 2144 et

244 2185 424 2272 principum
439 2185 633 2252 Germaniae
658 2189 915 2271 evangelicorum
937 2187 1081 2271 periculo
1103 2223 1146 2234 —
1169 2187 1212 2251 ad
1227 2187 1382 2254 Rhenum

246 2303 440 2377 certaretur,
473 2297 583 2360 multis
618 2318 658 2361 ex
686 2297 766 2362 locis
788 2299 1006 2381 intelligimus.
1050 2299 1209 2364 Henrious
1231 2300 1339 2383 igitur
1349 2303 1373 2342 ¹¹

246 2408 359 2492 legatis
381 2406 448 2471 suis
469 2405 648 2490 imperavit,
677 2408 829 2490 ueprius
862 2408 1009 2474 inducias
1031 2409 1178 2475 facerent
1200 2431 1304 2494 quam
1329 2437 1379 2479 ar-

246 2519 397 2586 chiduces
423 2518 661 2604 promisissent,
690 2518 759 2584 fore
787 2520 883 2584 utin
910 2541 946 2584 re
969 2519 1097 2586 Juliaoa
1123 2521 1215 2586 nulla
1242 2521 1377 2592 hostilia

246 2637 443 2716 coaptarent.
486 2629 542 2696 Sin
570 2636 681 2696 autem
707 2631 862 2696 Hollandi
888 2632 1009 2697 bellum
1036 2639 1206 2716 pararent,
1236 2654 1373 2716 quorum

245 2767 310 2809 non
331 2743 463 2807 minoris
485 2744 534 2806 rei
555 2743 642 2806 illius
664 2743 847 2818 interesset,
871 2765 968 2826 quam
989 2745 1084 2826 regie,
1107 2745 1206 2827 legati
1227 2753 1308 2828 quot
1325 2771 1369 2813 eo

247 2857 319 2942 pias
346 2873 488 2939 opesque
516 2852 563 2916 illi
591 2852 747 2917 conficere
770 2860 902 2937 possent
924 2860 961 2919 ut
982 2855 1176 2920 nuntiarent.
1221 2856 1367 2926 Addebat

249 2963 289 3035 se'
305 2967 426 3052 ipsum,
450 2987 548 3050 quum
569 2987 633 3031 non
654 2965 807 3048 nesciret,
837 2965 1103 3032 Christianissimi
1125 2987 1197 3031 esse
1219 2968 1312 3051 Regis
1338 2977 1369 3035 et

247 3081 352 3148 socios
385 3100 502 3162 augere
536 3083 570 3142 et
599 3079 675 3160 jura
707 3079 849 3158 gentium
872 3099 1076 3158 conservare,
1111 3097 1205 3142 arma
1227 3086 1366 3163 sumptu-

247 3213 320 3256 rum
342 3208 423 3254 esse.

250 3351 452 3362 ...-——-—

320 3487 354 3551 10)
378 3487 572 3538 Interessentes
594 3487 685 3538 dicunt
711 3486 858 3548 inscripto
881 3487 1043 3540 defensionis
1071 3499 1127 3538 rem
1148 3489 1256 3550 pessimi
1273 3490 1357 3552 judicii

251 3583 346 3635 luisse:
375 3583 436 3633 Den
457 3582 554 3634 Fiirstl.
576 3581 684 3634 aethan
710 3582 763 3632 und
785 3581 903 3632 Dienern
926 3582 1009 3634 seriel
1033 3581 1152 3634 eewntr
1173 3583 1355 3649 elnnminmen,

251 3679 312 3730 dass
333 3679 373 3729 sie
394 3678 463 3728 uach
484 3677 635 3730 Absterben
662 3677 710 3727 der
736 3676 894 3726 Herrschaft
922 3677 991 3728 ohne
1014 3676 1184 3737 vorgeheude
1212 3689 1276 3728 neue
1295 3679 1352 3728 Ver·

249 3773 395 3836 pfliehtung
417 3773 493 3822 ihren
510 3773 605 3824 Dienst
627 3771 792 3822 continuiren
809 3771 863 3820 und
880 3771 948 3821 uach
966 3771 1089 3822 Gerellcn
1106 3771 1247 3822 verfahren
1263 3771 1350 3822 ddrfen

319 3864 351 3929 11)
369 3866 485 3917 Jeannin
497 3867 530 3918 V.
548 3881 573 3928 p.
587 3873 645 3920 eto.
659 3871 699 3917 51.
718 3865 879 3926 Quibmeum
897 3865 1064 3916 consentiunt
1080 3877 1149 3927 qnae
1167 3865 1195 3914 in
1206 3866 1293 3918 litteris
1303 3867 1350 3928 qui·

251 3963 361 4016 busdam
386 3963 421 4012 ab
443 3961 553 4012 Alberto
581 3962 606 4012 d.
632 3966 656 4012 4.
682 3974 717 4010 m.
743 3960 807 4021 apr.
835 3959 904 4010 datis
933 3958 1109 4010 inveniuntur.
1145 3959 1236 4010 (lodex
1259 3961 1349 4020 Mserpt

250 4059 339 4110 Berol.

321 4149 354 4215 1²)
373 4153 420 4204 cfr.
438 4149 555 4203 Jeannin
572 4150 605 4202 V.
627 4162 671 4212 pp.
694 4156 752 4202 326.
775 4153 816 4200 ιι.
840 4146 961 4210 Epistola
978 4147 1012 4198 ab
1030 4147 1146 4200 Honrioo
1164 4146 1190 4197 d.
1209 4153 1233 4198 e.
1250 4161 1279 4197 u.
1293 4146 1345 4208 ιιι.

255 4251 320 4296 1609
339 4246 437 4308 scripta
455 4248 508 4298 est:
526 4245 591 4296 dicit
608 4257 656 4294 rex
674 4247 744 4308 (pag.
763 4242 891 4316 aeolujai
909 4242 934 4292 le
952 4243 1054 4294 vonloir
1077 4243 1105 4294 et
1121 4242 1147 4292 le
1166 4253 1274 4304 mursae
1288 4240 1345 4292 arui

255 4341 289 4390 de
307 4339 455 4406 m‘opposer
470 4355 519 4403 par
537 4341 576 4392 les
594 4351 681 4392 armes
699 4338 715 4390 a
732 4353 768 4394 uu
785 4337 882 4406 injuste
900 4336 997 4388 deesin
1034 4413 1038 4422 ι
